<record><header><identifier>oai:alma.41SLSP_UGE:991000802819705502</identifier><datestamp>2023-03-13T01:06:16Z</datestamp><setSpec>uge_bcen_RapidILL_BOOK</setSpec><setSpec>uge_aaca_RapidILL_BOOK</setSpec><setSpec>uge_abels_RapidILL_BOOK</setSpec><setSpec>uge_dbu_RapidILL_BOOK</setSpec><setSpec>uge_cmu_RapidILL_BOOK</setSpec><setSpec>uge_mail_RapidILL_BOOK</setSpec><setSpec>uge_abbat_RapidILL_BOOK</setSpec><setSpec>UNIGE_ALL</setSpec><setSpec>uge_acar_RapidILL_BOOK</setSpec><setSpec>uge_aobs_RapidILL_BOOK</setSpec></header><metadata>
<record xmlns="http://www.loc.gov/MARC21/slim" xmlns:xsi="http://www.w3.org/2001/XMLSchema-instance" xsi:schemaLocation="http://www.loc.gov/MARC21/slim http://www.loc.gov/standards/marcxml/schema/MARC21slim.xsd"><leader>02255nam a22003492c 4500</leader><controlfield tag="001">991000802819705502</controlfield><controlfield tag="005">20230312171754.0</controlfield><controlfield tag="008">150218s2014    ru ||||| |||| 00| ||rus d</controlfield><datafield ind1=" " ind2=" " tag="020"><subfield code="a">5824319022</subfield></datafield><datafield ind1=" " ind2=" " tag="020"><subfield code="a">9785824319026</subfield></datafield><datafield ind1="7" ind2=" " tag="024"><subfield code="a">http://catalogue.bnf.fr/ark:/12148/cb442725580</subfield><subfield code="2">uri</subfield></datafield><datafield ind1=" " ind2=" " tag="035"><subfield code="a">(swissbib)121209326-41slsp_network</subfield></datafield><datafield ind1=" " ind2=" " tag="035"><subfield code="a">121209326</subfield><subfield code="9">ExL</subfield></datafield><datafield ind1=" " ind2=" " tag="035"><subfield code="a">(RERO)R008069943-41slsp</subfield></datafield><datafield ind1=" " ind2=" " tag="035"><subfield code="a">(EXLNZ-41SLSP_NETWORK)991006213889705501</subfield></datafield><datafield ind1=" " ind2=" " tag="040"><subfield code="a">EVIEW</subfield><subfield code="d">CH-ZuSLS</subfield></datafield><datafield ind1=" " ind2="7" tag="072"><subfield code="a">ru</subfield><subfield code="2">rero</subfield></datafield><datafield ind1="0" ind2="0" tag="245"><subfield code="6">880-01</subfield><subfield code="a">Terra Europa</subfield><subfield code="b">intellektualʹnoe prostranstvo moskovskikh istorikov vtoroĭ poloviny XIX veka</subfield><subfield code="c">pod obshcheĭ redakt︠s︡ieĭ D.A. T︠S︡ygankova</subfield></datafield><datafield ind1="0" ind2="0" tag="880"><subfield code="6">245-01/(N</subfield><subfield code="a">Terra Europa</subfield><subfield code="b">интеллектуальное пространство московских историков второй половины XIX века</subfield><subfield code="c">под общей редакцией Д.А. Цыганкова</subfield></datafield><datafield ind1=" " ind2="1" tag="264"><subfield code="a">Moskva</subfield><subfield code="b">ROSSPĖN (Rossiĭskai︠a︡ politicheskai︠a︡ ėnt︠s︡iklopedii︠a︡)</subfield><subfield code="c">2014</subfield></datafield><datafield ind1=" " ind2=" " tag="300"><subfield code="a">671 pages</subfield><subfield code="c">23 cm.</subfield></datafield><datafield ind1=" " ind2=" " tag="336"><subfield code="b">txt</subfield><subfield code="2">rdacontent</subfield></datafield><datafield ind1=" " ind2=" " tag="337"><subfield code="b">n</subfield><subfield code="2">rdamedia</subfield></datafield><datafield ind1=" " ind2=" " tag="338"><subfield code="b">nc</subfield><subfield code="2">rdacarrier</subfield></datafield><datafield ind1="0" ind2=" " tag="490"><subfield code="a">Ubi universitas, ibi Europa</subfield></datafield><datafield ind1=" " ind2=" " tag="500"><subfield code="a">La p. de titre porte: Germanskiĭ istoricheskiĭ institut v Moskve</subfield></datafield><datafield ind1=" " ind2="7" tag="650"><subfield code="a">Historiens russes</subfield><subfield code="0">(IDREF)077094840</subfield><subfield code="2">idref</subfield></datafield><datafield ind1=" " ind2="7" tag="650"><subfield code="a">Historiographie</subfield><subfield code="0">(IDREF)027261794</subfield><subfield code="2">idref</subfield></datafield><datafield ind1=" " ind2="7" tag="650"><subfield code="a">19e siècle</subfield><subfield code="0">(IDREF)027794059</subfield><subfield code="2">idref</subfield></datafield><datafield ind1=" " ind2="7" tag="651"><subfield code="a">Moscou (Russie)</subfield><subfield code="0">(IDREF)027252124</subfield><subfield code="2">idref</subfield></datafield><datafield ind1="1" ind2=" " tag="700"><subfield code="a">T︠S︡ygankov, D. A.</subfield><subfield code="q">Dmitriĭ Andreevich</subfield><subfield code="0">(RERO)A025460260</subfield></datafield><datafield ind1=" " ind2=" " tag="900"><subfield code="a">REROnoselfmerge</subfield></datafield><datafield ind1=" " ind2=" " tag="910"><subfield code="a">OCoLC</subfield><subfield code="b">20150218</subfield><subfield code="c">Droits réservés</subfield></datafield></record>
</metadata></record>