<record><header><identifier>oai:alma.41SLSP_UGE:991000802489705502</identifier><datestamp>2023-03-01T01:10:19Z</datestamp><setSpec>uge_bcen_RapidILL_BOOK</setSpec><setSpec>uge_aaca_RapidILL_BOOK</setSpec><setSpec>uge_abels_RapidILL_BOOK</setSpec><setSpec>uge_dbu_RapidILL_BOOK</setSpec><setSpec>uge_cmu_RapidILL_BOOK</setSpec><setSpec>uge_mail_RapidILL_BOOK</setSpec><setSpec>UNIGE_ALL</setSpec><setSpec>uge_abbat_RapidILL_BOOK</setSpec><setSpec>uge_aobs_RapidILL_BOOK</setSpec><setSpec>uge_acar_RapidILL_BOOK</setSpec></header><metadata>
<record xmlns="http://www.loc.gov/MARC21/slim" xmlns:xsi="http://www.w3.org/2001/XMLSchema-instance" xsi:schemaLocation="http://www.loc.gov/MARC21/slim http://www.loc.gov/standards/marcxml/schema/MARC21slim.xsd"><leader>00928nam a2200277 c 4500</leader><controlfield tag="001">991000802489705502</controlfield><controlfield tag="005">20201225190955.0</controlfield><controlfield tag="008">920612s1981    sw ||||| |||| 00| ||eng d</controlfield><datafield ind1=" " ind2=" " tag="020"><subfield code="a">917042070X</subfield></datafield><datafield ind1="7" ind2=" " tag="024"><subfield code="a">http://catalogue.bnf.fr/ark:/12148/cb356537196</subfield><subfield code="2">uri</subfield></datafield><datafield ind1=" " ind2=" " tag="035"><subfield code="a">(swissbib)086622285-41slsp_network</subfield></datafield><datafield ind1=" " ind2=" " tag="035"><subfield code="a">086622285</subfield><subfield code="9">ExL</subfield></datafield><datafield ind1=" " ind2=" " tag="035"><subfield code="a">(RERO)1538423-41slsp</subfield></datafield><datafield ind1=" " ind2=" " tag="035"><subfield code="a">(EXLNZ-41SLSP_NETWORK)991125995559705501</subfield></datafield><datafield ind1=" " ind2=" " tag="040"><subfield code="a">RERO fru-le</subfield><subfield code="d">CH-ZuSLS</subfield></datafield><datafield ind1=" " ind2="7" tag="072"><subfield code="a">ar</subfield><subfield code="2">rero</subfield></datafield><datafield ind1="1" ind2=" " tag="080"><subfield code="a">904(37)</subfield></datafield><datafield ind1="0" ind2="0" tag="245"><subfield code="a">Opuscula Romana</subfield><subfield code="n">13</subfield></datafield><datafield ind1=" " ind2="1" tag="264"><subfield code="a">Stockholm</subfield><subfield code="b">Svenska Institutet i Rom</subfield><subfield code="c">1981</subfield></datafield><datafield ind1=" " ind2=" " tag="300"><subfield code="a">104 p.</subfield><subfield code="b">ill</subfield></datafield><datafield ind1=" " ind2=" " tag="336"><subfield code="b">txt</subfield><subfield code="2">rdacontent</subfield></datafield><datafield ind1=" " ind2=" " tag="337"><subfield code="b">n</subfield><subfield code="2">rdamedia</subfield></datafield><datafield ind1=" " ind2=" " tag="338"><subfield code="b">nc</subfield><subfield code="2">rdacarrier</subfield></datafield><datafield ind1="1" ind2=" " tag="490"><subfield code="a">Skrifter utgivna av Svenska Institutet i Rom. Series in 4⁰</subfield><subfield code="v">37</subfield></datafield><datafield ind1=" " ind2=" " tag="830"><subfield code="a">Opuscula Romana</subfield><subfield code="v">13</subfield><subfield code="w">(RERO)0442527-41slsp</subfield></datafield><datafield ind1=" " ind2=" " tag="830"><subfield code="a">Acta Instituti Romani Regni Sueciae</subfield><subfield code="p">Series in-4⁰</subfield><subfield code="v">37</subfield><subfield code="w">(RERO)0041308-41slsp</subfield></datafield><datafield ind1=" " ind2=" " tag="900"><subfield code="a">REROnoselfmerge</subfield></datafield></record>
</metadata></record>