<record><header><identifier>oai:alma.41SLSP_UGE:991000803219705502</identifier><datestamp>2023-03-01T01:10:19Z</datestamp><setSpec>uge_bcen_RapidILL_BOOK</setSpec><setSpec>uge_aaca_RapidILL_BOOK</setSpec><setSpec>uge_abels_RapidILL_BOOK</setSpec><setSpec>uge_dbu_RapidILL_BOOK</setSpec><setSpec>uge_cmu_RapidILL_BOOK</setSpec><setSpec>uge_mail_RapidILL_BOOK</setSpec><setSpec>UNIGE_ALL</setSpec><setSpec>uge_abbat_RapidILL_BOOK</setSpec><setSpec>uge_aobs_RapidILL_BOOK</setSpec><setSpec>uge_acar_RapidILL_BOOK</setSpec></header><metadata>
<record xmlns="http://www.loc.gov/MARC21/slim" xmlns:xsi="http://www.w3.org/2001/XMLSchema-instance" xsi:schemaLocation="http://www.loc.gov/MARC21/slim http://www.loc.gov/standards/marcxml/schema/MARC21slim.xsd"><leader>01252naa a2200277 c 4500</leader><controlfield tag="001">991000803219705502</controlfield><controlfield tag="005">20230201194021.0</controlfield><controlfield tag="008">941214s1890    it ||||| i||| 00| ||ita d</controlfield><datafield ind1=" " ind2=" " tag="035"><subfield code="a">(swissbib)089461827-41slsp_network</subfield></datafield><datafield ind1=" " ind2=" " tag="035"><subfield code="a">089461827</subfield><subfield code="9">ExL</subfield></datafield><datafield ind1=" " ind2=" " tag="035"><subfield code="a">(RERO)1952087-41slsp</subfield></datafield><datafield ind1=" " ind2=" " tag="035"><subfield code="a">(EXLNZ-41SLSP_NETWORK)991132099959705501</subfield></datafield><datafield ind1=" " ind2=" " tag="040"><subfield code="a">RERO gevbaa</subfield><subfield code="d">CH-ZuSLS</subfield></datafield><datafield ind1=" " ind2="7" tag="072"><subfield code="a">ar</subfield><subfield code="2">rero</subfield></datafield><datafield ind1="0" ind2="0" tag="245"><subfield code="a">Indice ... delle materie contenute nel Bullettino della Commissione archeologica comunale dal gennaio 1886 al dicembre 1890</subfield></datafield><datafield ind1=" " ind2=" " tag="336"><subfield code="b">txt</subfield><subfield code="2">rdacontent</subfield></datafield><datafield ind1=" " ind2=" " tag="337"><subfield code="b">n</subfield><subfield code="2">rdamedia</subfield></datafield><datafield ind1=" " ind2=" " tag="338"><subfield code="b">nc</subfield><subfield code="2">rdacarrier</subfield></datafield><datafield ind1=" " ind2=" " tag="580"><subfield code="a">In: Bullettino della Commissione archeologica municipale. - Roma. - Anno 18(1890), p. 369-525</subfield></datafield><datafield ind1="0" ind2="7" tag="630"><subfield code="a">Bullettino della Commissione archeologica comunale di Roma (revue)</subfield><subfield code="0">(RERO)A010058277</subfield><subfield code="2">rero</subfield></datafield><datafield ind1=" " ind2="7" tag="650"><subfield code="a">Archéologie</subfield><subfield code="0">(IDREF)02726971X</subfield><subfield code="2">idref</subfield></datafield><datafield ind1=" " ind2="7" tag="651"><subfield code="a">Rome (Italie)</subfield><subfield code="0">(IDREF)02724301X</subfield><subfield code="2">idref</subfield></datafield><datafield ind1=" " ind2="7" tag="655"><subfield code="a">Index</subfield><subfield code="0">(IDREF)027817660</subfield><subfield code="2">idref</subfield></datafield><datafield ind1="2" ind2=" " tag="710"><subfield code="a">Roma</subfield><subfield code="b">Commissione archeologica comunale</subfield><subfield code="0">(RERO)A003757315</subfield></datafield><datafield ind1="0" ind2=" " tag="730"><subfield code="a">Bullettino della Commissione archeologica comunale di Roma</subfield><subfield code="p">Indici generali</subfield><subfield code="f">1886-1890</subfield></datafield><datafield ind1="0" ind2=" " tag="773"><subfield code="t">Bullettino della Commissione archeologica comunale di Roma</subfield><subfield code="g">1890/369</subfield><subfield code="g">yr:1890</subfield><subfield code="w">(RERO)0289961-41slsp</subfield></datafield><datafield ind1=" " ind2=" " tag="900"><subfield code="a">REROnoselfmerge</subfield></datafield></record>
</metadata></record>