<record><header><identifier>oai:alma.41SLSP_UGE:991000802699705502</identifier><datestamp>2023-04-06T00:08:44Z</datestamp><setSpec>uge_bcen_RapidILL_BOOK</setSpec><setSpec>uge_aaca_RapidILL_BOOK</setSpec><setSpec>uge_abels_RapidILL_BOOK</setSpec><setSpec>uge_dbu_RapidILL_BOOK</setSpec><setSpec>uge_cmu_RapidILL_BOOK</setSpec><setSpec>uge_mail_RapidILL_BOOK</setSpec><setSpec>uge_abbat_RapidILL_BOOK</setSpec><setSpec>UNIGE_ALL</setSpec><setSpec>uge_acar_RapidILL_BOOK</setSpec><setSpec>uge_aobs_RapidILL_BOOK</setSpec></header><metadata>
<record xmlns="http://www.loc.gov/MARC21/slim" xmlns:xsi="http://www.w3.org/2001/XMLSchema-instance" xsi:schemaLocation="http://www.loc.gov/MARC21/slim http://www.loc.gov/standards/marcxml/schema/MARC21slim.xsd"><leader>01592nam a22004332c 4500</leader><controlfield tag="001">991000802699705502</controlfield><controlfield tag="005">20230405193353.0</controlfield><controlfield tag="008">150203s2014    xxu||||| |||| 00| ||eng d</controlfield><datafield ind1=" " ind2=" " tag="020"><subfield code="a">9781475807066</subfield><subfield code="q">cloth : alk. paper</subfield></datafield><datafield ind1=" " ind2=" " tag="020"><subfield code="a">9781475807073</subfield><subfield code="q">pbk. : alk. paper</subfield></datafield><datafield ind1=" " ind2=" " tag="020"><subfield code="a">9781475807080</subfield><subfield code="q">eBook</subfield></datafield><datafield ind1=" " ind2=" " tag="035"><subfield code="a">(swissbib)121142442-41slsp_network</subfield></datafield><datafield ind1=" " ind2=" " tag="035"><subfield code="a">121142442</subfield><subfield code="9">ExL</subfield></datafield><datafield ind1=" " ind2=" " tag="035"><subfield code="a">(RERO)R008056896-41slsp</subfield></datafield><datafield ind1=" " ind2=" " tag="035"><subfield code="a">(EXLNZ-41SLSP_NETWORK)991054649399705501</subfield></datafield><datafield ind1=" " ind2=" " tag="040"><subfield code="a">DLC</subfield><subfield code="d">CH-ZuSLS</subfield></datafield><datafield ind1=" " ind2="0" tag="050"><subfield code="a">LC4801</subfield><subfield code="b">.B43 2013</subfield></datafield><datafield ind1=" " ind2="7" tag="072"><subfield code="a">ps</subfield><subfield code="2">rero</subfield></datafield><datafield ind1="0" ind2="0" tag="082"><subfield code="a">371.93</subfield><subfield code="2">23</subfield></datafield><datafield ind1="1" ind2=" " tag="100"><subfield code="a">Beach, Charisse</subfield><subfield code="0">(RERO)A025289518</subfield><subfield code="4">cre</subfield></datafield><datafield ind1="1" ind2="0" tag="245"><subfield code="a">At-risk students</subfield><subfield code="b">transforming student behavior</subfield><subfield code="c">Charisse Beach</subfield></datafield><datafield ind1=" " ind2="1" tag="264"><subfield code="a">Lanham</subfield><subfield code="b">Rowman &amp; Littlefield Education</subfield><subfield code="c">2014</subfield></datafield><datafield ind1=" " ind2=" " tag="300"><subfield code="a">107 p.</subfield><subfield code="b">ill.</subfield></datafield><datafield ind1=" " ind2=" " tag="336"><subfield code="b">txt</subfield><subfield code="2">rdacontent</subfield></datafield><datafield ind1=" " ind2=" " tag="337"><subfield code="b">n</subfield><subfield code="2">rdamedia</subfield></datafield><datafield ind1=" " ind2=" " tag="338"><subfield code="b">nc</subfield><subfield code="2">rdacarrier</subfield></datafield><datafield ind1=" " ind2=" " tag="504"><subfield code="a">Includes bibliographical references and index.</subfield></datafield><datafield ind1=" " ind2="0" tag="650"><subfield code="a">Behavior modification</subfield></datafield><datafield ind1=" " ind2="0" tag="650"><subfield code="a">Children with social disabilities</subfield><subfield code="x">Education</subfield></datafield><datafield ind1=" " ind2="0" tag="650"><subfield code="a">Classroom management</subfield></datafield><datafield ind1=" " ind2="0" tag="650"><subfield code="a">Emotional problems of children</subfield></datafield><datafield ind1=" " ind2="0" tag="650"><subfield code="a">Learning disabled children</subfield><subfield code="x">Education</subfield></datafield><datafield ind1=" " ind2="0" tag="650"><subfield code="a">Problem children</subfield><subfield code="x">Education</subfield></datafield><datafield ind1=" " ind2="7" tag="650"><subfield code="a">Enfants difficiles</subfield><subfield code="0">(IDREF)027288668</subfield><subfield code="2">idref</subfield></datafield><datafield ind1=" " ind2="7" tag="650"><subfield code="a">Enfants socialement défavorisés</subfield><subfield code="0">(IDREF)027288684</subfield><subfield code="2">idref</subfield></datafield><datafield ind1=" " ind2="7" tag="650"><subfield code="a">Troubles caractériels</subfield><subfield code="0">(IDREF)027508897</subfield><subfield code="2">idref</subfield></datafield><datafield ind1=" " ind2="7" tag="650"><subfield code="a">Troubles de l'apprentissage</subfield><subfield code="0">(IDREF)027510662</subfield><subfield code="2">idref</subfield></datafield><datafield ind1=" " ind2="7" tag="650"><subfield code="a">Modification du comportement</subfield><subfield code="0">(IDREF)028181522</subfield><subfield code="2">idref</subfield></datafield><datafield ind1=" " ind2=" " tag="900"><subfield code="a">REROnoselfmerge</subfield></datafield><datafield ind1=" " ind2=" " tag="910"><subfield code="a">LOC</subfield><subfield code="b">20150203</subfield><subfield code="c">Droits réservés</subfield></datafield></record>
</metadata></record>