<record><header><identifier>oai:alma.41SLSP_UGE:991000802389705502</identifier><datestamp>2023-03-01T01:10:19Z</datestamp><setSpec>uge_bcen_RapidILL_BOOK</setSpec><setSpec>uge_aaca_RapidILL_BOOK</setSpec><setSpec>uge_abels_RapidILL_BOOK</setSpec><setSpec>uge_dbu_RapidILL_BOOK</setSpec><setSpec>uge_cmu_RapidILL_BOOK</setSpec><setSpec>uge_mail_RapidILL_BOOK</setSpec><setSpec>UNIGE_ALL</setSpec><setSpec>uge_abbat_RapidILL_BOOK</setSpec><setSpec>uge_aobs_RapidILL_BOOK</setSpec><setSpec>uge_acar_RapidILL_BOOK</setSpec></header><metadata>
<record xmlns="http://www.loc.gov/MARC21/slim" xmlns:xsi="http://www.w3.org/2001/XMLSchema-instance" xsi:schemaLocation="http://www.loc.gov/MARC21/slim http://www.loc.gov/standards/marcxml/schema/MARC21slim.xsd"><leader>01434nam a2200349 c 4500</leader><controlfield tag="001">991000802389705502</controlfield><controlfield tag="005">20210206202710.0</controlfield><controlfield tag="008">960918s1995    ne ||||| |||| 10| ||eng d</controlfield><datafield ind1=" " ind2=" " tag="020"><subfield code="a">9027216177</subfield><subfield code="q">Eur.</subfield></datafield><datafield ind1=" " ind2=" " tag="020"><subfield code="a">1556196989</subfield><subfield code="q">USA</subfield></datafield><datafield ind1=" " ind2=" " tag="035"><subfield code="a">(swissbib)091689821-41slsp_network</subfield></datafield><datafield ind1=" " ind2=" " tag="035"><subfield code="a">091689821</subfield><subfield code="9">ExL</subfield></datafield><datafield ind1=" " ind2=" " tag="035"><subfield code="a">(RERO)2259178-41slsp</subfield></datafield><datafield ind1=" " ind2=" " tag="035"><subfield code="a">(EXLNZ-41SLSP_NETWORK)991033838589705501</subfield></datafield><datafield ind1=" " ind2=" " tag="040"><subfield code="a">RERO geueti</subfield><subfield code="d">CH-ZuSLS</subfield></datafield><datafield ind1=" " ind2="7" tag="072"><subfield code="a">lg</subfield><subfield code="2">rero</subfield></datafield><datafield ind1="0" ind2="0" tag="245"><subfield code="a">New horizons</subfield><subfield code="b">papers from the third Language International Conference, Elsinore, Denmark, 9-11 June 1995</subfield><subfield code="c">ed. by Cay Dollerup, Vibeke Appel</subfield></datafield><datafield ind1=" " ind2="1" tag="264"><subfield code="a">Amsterdam</subfield><subfield code="a">Philadelphia</subfield><subfield code="b">J. Benjamins</subfield><subfield code="c">1995</subfield></datafield><datafield ind1=" " ind2=" " tag="300"><subfield code="a">335 p.</subfield><subfield code="b">ill.</subfield><subfield code="c">23 cm</subfield></datafield><datafield ind1=" " ind2=" " tag="336"><subfield code="b">txt</subfield><subfield code="2">rdacontent</subfield></datafield><datafield ind1=" " ind2=" " tag="337"><subfield code="b">n</subfield><subfield code="2">rdamedia</subfield></datafield><datafield ind1=" " ind2=" " tag="338"><subfield code="b">nc</subfield><subfield code="2">rdacarrier</subfield></datafield><datafield ind1="1" ind2=" " tag="490"><subfield code="a">Teaching translation and interpreting</subfield><subfield code="v">3</subfield></datafield><datafield ind1="1" ind2=" " tag="490"><subfield code="a">Benjamins translation library</subfield><subfield code="v">16</subfield></datafield><datafield ind1=" " ind2="7" tag="650"><subfield code="a">interprétation (traduction) - enseignement</subfield><subfield code="0">(RERO)A010099319</subfield><subfield code="2">rerovoc</subfield></datafield><datafield ind1=" " ind2="7" tag="650"><subfield code="a">traduction - enseignement</subfield><subfield code="0">(RERO)A010159695</subfield><subfield code="2">rerovoc</subfield></datafield><datafield ind1=" " ind2="7" tag="655"><subfield code="a">[Études diverses]</subfield><subfield code="0">(RERO)A022249905</subfield><subfield code="2">rero</subfield></datafield><datafield ind1="1" ind2=" " tag="700"><subfield code="a">Appel, Vibeke</subfield><subfield code="c">linguiste</subfield><subfield code="0">(IDREF)11764501X</subfield></datafield><datafield ind1="1" ind2=" " tag="700"><subfield code="a">Dollerup, Cay</subfield><subfield code="c">linguiste</subfield><subfield code="0">(IDREF)033246955</subfield></datafield><datafield ind1="2" ind2=" " tag="711"><subfield code="a">Language International Conference</subfield><subfield code="n">3</subfield><subfield code="d">1995</subfield><subfield code="c">Elsinore</subfield><subfield code="0">(RERO)A012338100</subfield></datafield><datafield ind1=" " ind2="0" tag="830"><subfield code="a">Teaching translation and interpreting</subfield><subfield code="v">3</subfield><subfield code="w">(RERO)2259156-41slsp</subfield></datafield><datafield ind1=" " ind2="0" tag="830"><subfield code="a">Benjamins translation library</subfield><subfield code="v">16</subfield><subfield code="w">(RERO)1902563-41slsp</subfield></datafield><datafield ind1=" " ind2=" " tag="900"><subfield code="a">REROnoselfmerge</subfield></datafield></record>
</metadata></record>