<record><header><identifier>oai:alma.41SLSP_UGE:991000803119705502</identifier><datestamp>2024-05-20T00:12:15Z</datestamp><setSpec>uge_bcen_RapidILL_BOOK</setSpec><setSpec>uge_aaca_RapidILL_BOOK</setSpec><setSpec>uge_abels_RapidILL_BOOK</setSpec><setSpec>uge_dbu_RapidILL_BOOK</setSpec><setSpec>uge_cmu_RapidILL_BOOK</setSpec><setSpec>uge_mail_RapidILL_BOOK</setSpec><setSpec>uge_abbat_RapidILL_BOOK</setSpec><setSpec>UNIGE_ALL</setSpec><setSpec>uge_aobs_RapidILL_BOOK</setSpec><setSpec>uge_acar_RapidILL_BOOK</setSpec></header><metadata>
<record xmlns="http://www.loc.gov/MARC21/slim" xmlns:xsi="http://www.w3.org/2001/XMLSchema-instance" xsi:schemaLocation="http://www.loc.gov/MARC21/slim http://www.loc.gov/standards/marcxml/schema/MARC21slim.xsd"><leader>01495nam a2200397 c 4500</leader><controlfield tag="001">991000803119705502</controlfield><controlfield tag="005">20201231162713.0</controlfield><controlfield tag="008">201012s1976    xxk||||| |||| 00| ||eng d</controlfield><datafield ind1=" " ind2=" " tag="020"><subfield code="a">0582012481</subfield></datafield><datafield ind1=" " ind2=" " tag="035"><subfield code="a">(swissbib)240110544-41slsp_network</subfield></datafield><datafield ind1=" " ind2=" " tag="035"><subfield code="a">240110544</subfield><subfield code="9">ExL</subfield></datafield><datafield ind1=" " ind2=" " tag="035"><subfield code="a">(RERO)0083251-41slsp</subfield></datafield><datafield ind1=" " ind2=" " tag="035"><subfield code="a">(NEBIS)005772182EBI01</subfield></datafield><datafield ind1=" " ind2=" " tag="035"><subfield code="a">(IDSBB)000358239DSV01</subfield></datafield><datafield ind1=" " ind2=" " tag="035"><subfield code="a">(IDSLU)000223779ILU01</subfield></datafield><datafield ind1=" " ind2=" " tag="035"><subfield code="a">(EXLNZ-41SLSP_NETWORK)991034260839705501</subfield></datafield><datafield ind1=" " ind2=" " tag="040"><subfield code="a">RERO</subfield><subfield code="d">CH-ZuSLS</subfield></datafield><datafield ind1=" " ind2="7" tag="072"><subfield code="a">an</subfield><subfield code="2">rero</subfield></datafield><datafield ind1=" " ind2="7" tag="072"><subfield code="a">an</subfield><subfield code="2">SzZuIDS BS/BE</subfield></datafield><datafield ind1="1" ind2=" " tag="100"><subfield code="a">Jeffares, Alexander Norman</subfield><subfield code="d">1920-2005</subfield><subfield code="0">(DE-588)118897055</subfield><subfield code="6">880-01</subfield></datafield><datafield ind1="1" ind2=" " tag="880"><subfield code="6">100-01</subfield><subfield code="a">Jeffares, Alexander Norman</subfield><subfield code="d">1920-2005</subfield><subfield code="0">(IDREF)028482123</subfield><subfield code="4">cre</subfield></datafield><datafield ind1="1" ind2="0" tag="245"><subfield code="a">Jonathan Swift</subfield><subfield code="c">by A. Norman Jeffares ; ed. by Ian Scott-Kilvert</subfield></datafield><datafield ind1=" " ind2="1" tag="264"><subfield code="a">Burnt Mill</subfield><subfield code="b">Longman</subfield><subfield code="c">1976</subfield></datafield><datafield ind1=" " ind2=" " tag="300"><subfield code="a">56 p.</subfield><subfield code="b">fig.</subfield><subfield code="c">22 cm</subfield></datafield><datafield ind1=" " ind2=" " tag="336"><subfield code="b">txt</subfield><subfield code="2">rdacontent</subfield></datafield><datafield ind1=" " ind2=" " tag="337"><subfield code="b">n</subfield><subfield code="2">rdamedia</subfield></datafield><datafield ind1=" " ind2=" " tag="338"><subfield code="b">nc</subfield><subfield code="2">rdacarrier</subfield></datafield><datafield ind1="1" ind2=" " tag="490"><subfield code="a">Writers and their works</subfield><subfield code="v">248</subfield></datafield><datafield ind1="1" ind2="7" tag="600"><subfield code="a">Swift, Jonathan</subfield><subfield code="d">1667-1745</subfield><subfield code="0">(IDREF)027152596</subfield><subfield code="2">idref</subfield></datafield><datafield ind1=" " ind2=" " tag="690"><subfield code="a">Swift, Jonathan, B: Werk</subfield><subfield code="2">rzs-L1</subfield></datafield><datafield ind1="1" ind2=" " tag="700"><subfield code="a">Scott-Kilvert, Ian</subfield><subfield code="d">1917-1989</subfield></datafield><datafield ind1="1" ind2=" " tag="700"><subfield code="a">Scott-Kilvert, Ian</subfield><subfield code="d">1917-1989</subfield><subfield code="0">(IDREF)032691386</subfield></datafield><datafield ind1=" " ind2=" " tag="830"><subfield code="a">Writers and their work</subfield><subfield code="v">248</subfield><subfield code="w">(IDSBB)000396107DSV01</subfield></datafield><datafield ind1=" " ind2=" " tag="830"><subfield code="a">Bibliographical series of Supplements to &quot;British book news&quot; on writers and their work</subfield><subfield code="v">248</subfield><subfield code="w">(RERO)0000637-41slsp</subfield></datafield><datafield ind1=" " ind2=" " tag="830"><subfield code="a">Writers and their work</subfield><subfield code="v">248</subfield><subfield code="w">(IDSLU)000133099ILU01</subfield></datafield><datafield ind1=" " ind2=" " tag="900"><subfield code="a">REROnoselfmerge</subfield></datafield><datafield ind1=" " ind2=" " tag="900"><subfield code="a">IDSZ2esmon200903r</subfield><subfield code="c">IDSZ2schw</subfield></datafield></record>
</metadata></record>