<record><header><identifier>oai:alma.41SLSP_UGE:991000803019705502</identifier><datestamp>2023-03-28T00:17:07Z</datestamp><setSpec>uge_bcen_RapidILL_BOOK</setSpec><setSpec>uge_aaca_RapidILL_BOOK</setSpec><setSpec>uge_abels_RapidILL_BOOK</setSpec><setSpec>uge_dbu_RapidILL_BOOK</setSpec><setSpec>uge_cmu_RapidILL_BOOK</setSpec><setSpec>uge_mail_RapidILL_BOOK</setSpec><setSpec>uge_abbat_RapidILL_BOOK</setSpec><setSpec>UNIGE_ALL</setSpec><setSpec>uge_aobs_RapidILL_BOOK</setSpec><setSpec>uge_acar_RapidILL_BOOK</setSpec></header><metadata>
<record xmlns="http://www.loc.gov/MARC21/slim" xmlns:xsi="http://www.w3.org/2001/XMLSchema-instance" xsi:schemaLocation="http://www.loc.gov/MARC21/slim http://www.loc.gov/standards/marcxml/schema/MARC21slim.xsd"><leader>03887nam a2200589 c 4500</leader><controlfield tag="001">991000803019705502</controlfield><controlfield tag="005">20230327085449.0</controlfield><controlfield tag="008">201011s2008    be ||||| |||| 00| ||fre d</controlfield><datafield ind1=" " ind2=" " tag="020"><subfield code="a">9782802726012</subfield><subfield code="q">pbk.</subfield><subfield code="c">EUR 48.00</subfield></datafield><datafield ind1=" " ind2=" " tag="020"><subfield code="a">2802726013</subfield><subfield code="q">pbk.</subfield></datafield><datafield ind1=" " ind2=" " tag="035"><subfield code="a">(swissbib)216152380-41slsp_network</subfield></datafield><datafield ind1=" " ind2=" " tag="035"><subfield code="a">216152380</subfield><subfield code="9">ExL</subfield></datafield><datafield ind1=" " ind2=" " tag="035"><subfield code="a">(RERO)R005173594-41slsp</subfield></datafield><datafield ind1=" " ind2=" " tag="035"><subfield code="a">(IDSLU)000847237ILU01</subfield></datafield><datafield ind1=" " ind2=" " tag="035"><subfield code="a">(NEBIS)006001330EBI01</subfield></datafield><datafield ind1=" " ind2=" " tag="035"><subfield code="a">(SBT)000611400SBT01</subfield></datafield><datafield ind1=" " ind2=" " tag="035"><subfield code="a">(OCoLC)424135763</subfield></datafield><datafield ind1=" " ind2=" " tag="035"><subfield code="a">(EXLNZ-41SLSP_NETWORK)991158353879705501</subfield></datafield><datafield ind1=" " ind2=" " tag="040"><subfield code="a">RERO geubfd</subfield><subfield code="d">CH-ZuSLS</subfield></datafield><datafield ind1=" " ind2="7" tag="072"><subfield code="a">800</subfield><subfield code="2">IDS LU</subfield></datafield><datafield ind1=" " ind2="7" tag="072"><subfield code="a">dr</subfield><subfield code="2">rero</subfield></datafield><datafield ind1=" " ind2="7" tag="072"><subfield code="a">se</subfield><subfield code="2">rero</subfield></datafield><datafield ind1=" " ind2=" " tag="084"><subfield code="a">A 18 h</subfield><subfield code="2">cjurrom</subfield></datafield><datafield ind1="1" ind2=" " tag="100"><subfield code="a">Ferey, Samuel</subfield><subfield code="d">1976-....</subfield><subfield code="0">(IDREF)069318948</subfield><subfield code="4">cre</subfield></datafield><datafield ind1="1" ind2="0" tag="245"><subfield code="a">&lt;&lt;Une&gt;&gt; histoire de l'analyse économique du droit</subfield><subfield code="b">calcul rationnel et interprétation du droit</subfield><subfield code="c">par Samuel Ferey</subfield></datafield><datafield ind1=" " ind2="1" tag="264"><subfield code="a">Bruxelles</subfield><subfield code="b">Bruylant</subfield><subfield code="c">2008</subfield></datafield><datafield ind1=" " ind2=" " tag="300"><subfield code="a">317 S.</subfield><subfield code="c">24 cm</subfield></datafield><datafield ind1=" " ind2=" " tag="336"><subfield code="b">txt</subfield><subfield code="2">rdacontent</subfield></datafield><datafield ind1=" " ind2=" " tag="337"><subfield code="b">n</subfield><subfield code="2">rdamedia</subfield></datafield><datafield ind1=" " ind2=" " tag="338"><subfield code="b">nc</subfield><subfield code="2">rdacarrier</subfield></datafield><datafield ind1="1" ind2=" " tag="490"><subfield code="a">Droit et économie</subfield><subfield code="v">1</subfield></datafield><datafield ind1="1" ind2=" " tag="490"><subfield code="a">Collection Droit &amp; économie</subfield><subfield code="v">1</subfield></datafield><datafield ind1=" " ind2=" " tag="502"><subfield code="a">Issue de thèse de doctorat, Paris, 2005</subfield></datafield><datafield ind1=" " ind2=" " tag="504"><subfield code="a">Bibliogr.</subfield></datafield><datafield ind1=" " ind2=" " tag="504"><subfield code="a">p. [285]-312</subfield></datafield><datafield ind1=" " ind2=" " tag="520"><subfield code="a">L'analyse économique du droit se situe aujourd'hui au centre de nombreuses recherches à l'intersection du droit et de l'économie. L'ouvrage propose d'explorer l'histoire récente de la constitution de ce programme de recherche, né au tournant des années 1960, principalement à Chicago autour d'auteurs comme Ronald Coase, Friedrich A. Hayek et Richard Posner. C'est plus particulièrement une histoire analytique et méthodologique qui est proposée ici. Au-delà des lectures traditionnelles qui voient alternativement dans l'utilitarisme, le libéralisme ou l'instrumentalisme, le fondement de l'économie du droit, l'ouvrage montre que l'analyse économique du droit est le fruit d'un double mouvement : le tournant herméneutique en théorie du droit, qui insiste sur la texture ouverte des règles et l'importance de leur interprétation, et le tournant cognitif en économie qui place au cœur de l'analyse la notion d'information, l'incertitude et le rôle informationnel des règles de conduite. Les différentes étapes de la constitution de l'économie du droit sont alors autant de tâtonnements à la recherche d'une convergence entre ces deux séries de considérations autour de la nature informationnelle de la règle de droit et des mécanismes cognitifs par lesquels les règles sont interprétées par les autorités publiques et anticipées par les individus. C'est pourquoi le pluralisme contemporain en économie du droit, qui s'oppose souvent à l'école de Chicago, doit alors être moins lu en rupture qu'en continuité avec cette articulation fondamentale.</subfield><subfield code="5">SBT/25.02.2010/BUL/RCG</subfield></datafield><datafield ind1=" " ind2="7" tag="648"><subfield code="a">Geschichte</subfield><subfield code="2">gnd</subfield></datafield><datafield ind1=" " ind2="7" tag="648"><subfield code="a">Geschichte (umfassend)</subfield><subfield code="2">idszbz</subfield></datafield><datafield ind1=" " ind2="7" tag="650"><subfield code="a">analyse économique</subfield><subfield code="0">(RERO)A010042682</subfield><subfield code="2">rerovoc</subfield></datafield><datafield ind1=" " ind2="7" tag="650"><subfield code="a">Droit</subfield><subfield code="0">(IDREF)027466868</subfield><subfield code="2">idref</subfield></datafield><datafield ind1=" " ind2="7" tag="650"><subfield code="a">Économie politique</subfield><subfield code="0">(IDREF)027790479</subfield><subfield code="2">idref</subfield></datafield><datafield ind1=" " ind2="7" tag="650"><subfield code="a">Ökonomische Theorie des Rechts</subfield><subfield code="0">(DE-588)4135492-8</subfield><subfield code="2">gnd</subfield></datafield><datafield ind1=" " ind2="7" tag="650"><subfield code="a">Ökonomische Theorie des Rechts</subfield><subfield code="2">idszbz</subfield></datafield><datafield ind1=" " ind2=" " tag="691"><subfield code="e">PC 18.10</subfield><subfield code="2">rzs-L1</subfield></datafield><datafield ind1=" " ind2=" " tag="691"><subfield code="e">PC 18.0</subfield><subfield code="2">rzs-L1</subfield></datafield><datafield ind1=" " ind2=" " tag="691"><subfield code="e">340.115</subfield><subfield code="a">Diritto e società</subfield><subfield code="2">usi-TE</subfield></datafield><datafield ind1="4" ind2=" " tag="856"><subfield code="3">Titelblatt und Inhaltsverzeichnis</subfield><subfield code="u">https://toc.library.ethz.ch/objects/pdf/z16_978-2-8027-2601-2_01.pdf</subfield><subfield code="q">pdf</subfield></datafield><datafield ind1=" " ind2=" " tag="830"><subfield code="a">Collection Droit &amp; [et] économie</subfield><subfield code="p">Bruylant</subfield><subfield code="v">1</subfield><subfield code="w">(RERO)R005174212-41slsp</subfield></datafield><datafield ind1=" " ind2=" " tag="830"><subfield code="a">Droit et économie</subfield><subfield code="v">1</subfield><subfield code="w">(IDSLU)000887082ILU01</subfield></datafield><datafield ind1=" " ind2=" " tag="830"><subfield code="a">Collection Droit &amp; [et] économie</subfield><subfield code="v">1</subfield><subfield code="w">(SBT)000611399SBT01</subfield></datafield><datafield ind1=" " ind2=" " tag="900"><subfield code="a">REROnoselfmerge</subfield></datafield><datafield ind1=" " ind2=" " tag="900"><subfield code="a">IDSZ2rwimon201004f</subfield><subfield code="c">IDSZ2buche 100420</subfield><subfield code="d">IDSZ2rwiswk201004b</subfield><subfield code="e">IDSZ2rohn</subfield></datafield><datafield ind1=" " ind2=" " tag="949"><subfield code="a">https://toc.library.ethz.ch/objects/pdf/z16_978-2-8027-2601-2_01.pdf</subfield></datafield></record>
</metadata></record>