<record><header><identifier>oai:alma.41SLSP_UGE:991000803049705502</identifier><datestamp>2023-04-10T00:16:31Z</datestamp><setSpec>uge_bcen_RapidILL_BOOK</setSpec><setSpec>uge_aaca_RapidILL_BOOK</setSpec><setSpec>uge_abels_RapidILL_BOOK</setSpec><setSpec>uge_dbu_RapidILL_BOOK</setSpec><setSpec>uge_cmu_RapidILL_BOOK</setSpec><setSpec>uge_mail_RapidILL_BOOK</setSpec><setSpec>uge_abbat_RapidILL_BOOK</setSpec><setSpec>UNIGE_ALL</setSpec><setSpec>uge_acar_RapidILL_BOOK</setSpec><setSpec>uge_aobs_RapidILL_BOOK</setSpec></header><metadata>
<record xmlns="http://www.loc.gov/MARC21/slim" xmlns:xsi="http://www.w3.org/2001/XMLSchema-instance" xsi:schemaLocation="http://www.loc.gov/MARC21/slim http://www.loc.gov/standards/marcxml/schema/MARC21slim.xsd"><leader>01698ncm a2200409 c 4500</leader><controlfield tag="001">991000803049705502</controlfield><controlfield tag="005">20230408184200.0</controlfield><controlfield tag="008">130624s2013    fr ||b |       0|   fre d</controlfield><datafield ind1=" " ind2=" " tag="020"><subfield code="a">9782354791919</subfield><subfield code="q">petit format vert</subfield></datafield><datafield ind1=" " ind2=" " tag="020"><subfield code="a">9782354791926</subfield><subfield code="q">petit format bleu</subfield></datafield><datafield ind1="7" ind2=" " tag="024"><subfield code="a">http://catalogue.bnf.fr/ark:/12148/cb436645266</subfield><subfield code="2">uri</subfield></datafield><datafield ind1=" " ind2=" " tag="035"><subfield code="a">(swissbib)11757516X-41slsp_network</subfield></datafield><datafield ind1=" " ind2=" " tag="035"><subfield code="a">11757516X</subfield><subfield code="9">ExL</subfield></datafield><datafield ind1=" " ind2=" " tag="035"><subfield code="a">(RERO)R007329461-41slsp</subfield></datafield><datafield ind1=" " ind2=" " tag="035"><subfield code="a">(EXLNZ-41SLSP_NETWORK)991072971359705501</subfield></datafield><datafield ind1=" " ind2=" " tag="040"><subfield code="a">RERO geuth-</subfield><subfield code="d">CH-ZuSLS</subfield></datafield><datafield ind1=" " ind2=" " tag="044"><subfield code="a">sz</subfield><subfield code="c">ch-vd</subfield></datafield><datafield ind1=" " ind2="7" tag="072"><subfield code="a">th</subfield><subfield code="2">rero</subfield></datafield><datafield ind1=" " ind2="7" tag="072"><subfield code="a">mu</subfield><subfield code="2">rero</subfield></datafield><datafield ind1="0" ind2="0" tag="245"><subfield code="a">Alléluia</subfield><subfield code="b">avec le Christ, dépasser les frontières : un recueil de chants au service des Eglises francophones</subfield></datafield><datafield ind1=" " ind2=" " tag="250"><subfield code="a">3e éd. revue et corrigée</subfield></datafield><datafield ind1=" " ind2="1" tag="264"><subfield code="a">Lyon</subfield><subfield code="b">Olivétan</subfield><subfield code="a">[Lausanne]</subfield><subfield code="b">Fondation d'édition des Eglises protestantes romandes</subfield><subfield code="c">2013</subfield></datafield><datafield ind1=" " ind2=" " tag="300"><subfield code="a">1 partition de poche (1233 p.)</subfield><subfield code="c">20 cm</subfield></datafield><datafield ind1=" " ind2=" " tag="336"><subfield code="b">ntm</subfield><subfield code="2">rdacontent</subfield></datafield><datafield ind1=" " ind2=" " tag="337"><subfield code="b">n</subfield><subfield code="2">rdamedia</subfield></datafield><datafield ind1=" " ind2=" " tag="338"><subfield code="b">nc</subfield><subfield code="2">rdacarrier</subfield></datafield><datafield ind1=" " ind2=" " tag="382"><subfield code="a">choeur mixte</subfield><subfield code="n">4S A T B</subfield><subfield code="2">reromusi</subfield></datafield><datafield ind1=" " ind2=" " tag="382"><subfield code="a">choeur mixte</subfield><subfield code="n">4S A T B</subfield><subfield code="a">guitare</subfield><subfield code="n">1</subfield><subfield code="2">reromusi</subfield></datafield><datafield ind1=" " ind2=" " tag="500"><subfield code="a">Des accords de guitare accompagnent certains chants</subfield></datafield><datafield ind1=" " ind2="7" tag="650"><subfield code="a">Églises protestantes</subfield><subfield code="0">(IDREF)027795268</subfield><subfield code="2">idref</subfield></datafield><datafield ind1=" " ind2="7" tag="650"><subfield code="a">Cantiques français</subfield><subfield code="0">(IDREF)028240057</subfield><subfield code="2">idref</subfield></datafield><datafield ind1=" " ind2="7" tag="655"><subfield code="a">Cantiques</subfield><subfield code="0">(IDREF)02722970X</subfield><subfield code="2">idref</subfield></datafield><datafield ind1=" " ind2="7" tag="655"><subfield code="a">Psaumes et cantiques</subfield><subfield code="x">choeur mixte (4S A T B)</subfield><subfield code="v">anthologie</subfield><subfield code="2">reromusg</subfield></datafield><datafield ind1=" " ind2=" " tag="690"><subfield code="a">Psaumes et cantiques</subfield><subfield code="d">choeur mixte (4S A T B)</subfield><subfield code="e">[anthologie]</subfield><subfield code="2">musg</subfield></datafield><datafield ind1=" " ind2=" " tag="690"><subfield code="a">choeur mixte (4S A T B)</subfield><subfield code="2">musi</subfield></datafield><datafield ind1=" " ind2=" " tag="690"><subfield code="a">choeur mixte (4S A T B), guitare</subfield><subfield code="2">musi</subfield></datafield><datafield ind1="0" ind2=" " tag="730"><subfield code="a">Bible</subfield><subfield code="n">035</subfield><subfield code="p">A.T</subfield><subfield code="p">Psaumes</subfield><subfield code="k">Adaptation liturgique</subfield><subfield code="l">Français</subfield></datafield><datafield ind1=" " ind2=" " tag="900"><subfield code="a">REROnoselfmerge</subfield></datafield></record>
</metadata></record>