<record><header><identifier>oai:alma.41SLSP_UGE:991000802639705502</identifier><datestamp>2023-06-20T00:21:14Z</datestamp><setSpec>uge_bcen_RapidILL_BOOK</setSpec><setSpec>uge_aaca_RapidILL_BOOK</setSpec><setSpec>uge_abels_RapidILL_BOOK</setSpec><setSpec>uge_dbu_RapidILL_BOOK</setSpec><setSpec>uge_cmu_RapidILL_BOOK</setSpec><setSpec>uge_mail_RapidILL_BOOK</setSpec><setSpec>uge_abbat_RapidILL_BOOK</setSpec><setSpec>UNIGE_ALL</setSpec><setSpec>uge_acar_RapidILL_BOOK</setSpec><setSpec>uge_aobs_RapidILL_BOOK</setSpec></header><metadata>
<record xmlns="http://www.loc.gov/MARC21/slim" xmlns:xsi="http://www.w3.org/2001/XMLSchema-instance" xsi:schemaLocation="http://www.loc.gov/MARC21/slim http://www.loc.gov/standards/marcxml/schema/MARC21slim.xsd"><leader>04799nam a2200709 c 4500</leader><controlfield tag="001">991000802639705502</controlfield><controlfield tag="005">20230619201816.0</controlfield><controlfield tag="008">201011s2011    xxu||||| |||| 00| ||eng d</controlfield><datafield ind1=" " ind2=" " tag="020"><subfield code="a">1566637112</subfield><subfield code="q">cloth : alk. paper</subfield></datafield><datafield ind1=" " ind2=" " tag="020"><subfield code="a">1566639220</subfield><subfield code="q">electronic</subfield></datafield><datafield ind1=" " ind2=" " tag="020"><subfield code="a">9781566637114</subfield><subfield code="q">cloth : alk. paper</subfield></datafield><datafield ind1=" " ind2=" " tag="020"><subfield code="a">9781566639224</subfield><subfield code="q">electronic</subfield></datafield><datafield ind1=" " ind2=" " tag="020"><subfield code="a">9786613213990</subfield><subfield code="q">e-book</subfield></datafield><datafield ind1="7" ind2=" " tag="024"><subfield code="a">http://catalogue.bnf.fr/ark:/12148/cb42629235k</subfield><subfield code="2">uri</subfield></datafield><datafield ind1=" " ind2=" " tag="035"><subfield code="a">(swissbib)224200062-41slsp_network</subfield></datafield><datafield ind1=" " ind2=" " tag="035"><subfield code="a">224200062</subfield><subfield code="9">ExL</subfield></datafield><datafield ind1=" " ind2=" " tag="035"><subfield code="a">(RERO)R007226664-41slsp</subfield></datafield><datafield ind1=" " ind2=" " tag="035"><subfield code="a">(NEBIS)007260604EBI01</subfield></datafield><datafield ind1=" " ind2=" " tag="035"><subfield code="a">(IDSBB)006015491DSV01</subfield></datafield><datafield ind1=" " ind2=" " tag="035"><subfield code="a">(OCoLC)786257975</subfield></datafield><datafield ind1=" " ind2=" " tag="035"><subfield code="a">(EXLNZ-41SLSP_NETWORK)991036106869705501</subfield></datafield><datafield ind1=" " ind2=" " tag="040"><subfield code="a">DLC</subfield><subfield code="d">CH-ZuSLS</subfield></datafield><datafield ind1=" " ind2="0" tag="050"><subfield code="a">HS2330.K63</subfield><subfield code="b">P46 2011</subfield></datafield><datafield ind1=" " ind2="7" tag="072"><subfield code="a">ht</subfield><subfield code="2">rero</subfield></datafield><datafield ind1=" " ind2="7" tag="072"><subfield code="a">ng</subfield><subfield code="2">SzZuIDS BS/BE</subfield></datafield><datafield ind1="0" ind2="0" tag="082"><subfield code="a">322.4/20973</subfield><subfield code="2">22</subfield></datafield><datafield ind1="0" ind2="4" tag="082"><subfield code="a">322.4 20973</subfield><subfield code="2">22</subfield></datafield><datafield ind1="1" ind2="4" tag="082"><subfield code="a">900</subfield><subfield code="2">15</subfield></datafield><datafield ind1=" " ind2=" " tag="084"><subfield code="a">MG 70380</subfield><subfield code="2">rvk</subfield></datafield><datafield ind1="1" ind2=" " tag="100"><subfield code="a">Pegram, Thomas R.</subfield><subfield code="d">1955-....</subfield><subfield code="0">(IDREF)067205445</subfield><subfield code="4">cre</subfield></datafield><datafield ind1="1" ind2="0" tag="245"><subfield code="a">One hundred percent American</subfield><subfield code="b">the rebirth and decline of the Ku Klux Klan in the 1920s</subfield><subfield code="c">Thomas R. Pegram</subfield></datafield><datafield ind1=" " ind2="1" tag="264"><subfield code="a">Chicago</subfield><subfield code="b">Ivan R. Dee</subfield><subfield code="a">[Lanham, Md.]</subfield><subfield code="b">Distributed by National Book Network</subfield><subfield code="c">2011</subfield></datafield><datafield ind1=" " ind2=" " tag="300"><subfield code="a">xvi, 281 p.</subfield><subfield code="c">24 cm.</subfield></datafield><datafield ind1=" " ind2=" " tag="336"><subfield code="b">txt</subfield><subfield code="2">rdacontent</subfield></datafield><datafield ind1=" " ind2=" " tag="337"><subfield code="b">n</subfield><subfield code="2">rdamedia</subfield></datafield><datafield ind1=" " ind2=" " tag="338"><subfield code="b">nc</subfield><subfield code="2">rdacarrier</subfield></datafield><datafield ind1=" " ind2=" " tag="504"><subfield code="a">Includes bibliographical references and index.</subfield></datafield><datafield ind1="0" ind2=" " tag="505"><subfield code="a">Preface -- Acknowledgments -- 1: Klan in 1920s society -- 2: Building a white Protestant community -- 3: Defining Americanism: white supremacy and anti-Catholicism -- 4: Learning Americanism: the Klan and public schools -- 5: Dry Americanism: prohibition, law, and culture -- 6: Problem of hooded violence: moral vigilantism, enemies, and provocation -- 7: Search for political influence and the collapse of the Klan movement -- 8: Echoes -- Afterword: Historians and the Klan -- Notes -- Index -- Note on the author</subfield></datafield><datafield ind1="8" ind2=" " tag="520"><subfield code="a">Overview: In the 1920s, a revived Ku Klux Klan burst into prominence as a self-styled defender of American values, a magnet for white Protestant community formation, and a would-be force in state and national politics. But the hooded bubble burst at mid-decade, and the social movement that had attracted several million members and additional millions of sympathizers collapsed into insignificance. Since the 1990s, intensive community-based historical studies have reinterpreted the 1920s Klan. Rather than the violent, racist extremists of popular lore and current observation, 1920s Klansmen appear in these works as more mainstream figures. Sharing a restrictive American identity with most native-born white Protestants after World War I, hooded knights pursued fraternal fellowship, community activism, local reforms, and paid close attention to public education, law enforcement (especially Prohibition), and moral/sexual orthodoxy. No recent general history of the 1920s Klan movement reflects these new perspectives on the Klan. One Hundred Percent American incorporates them while also highlighting the racial and religious intolerance, violent outbursts, and political ambition that aroused widespread opposition to the Invisible Empire. Balanced and comprehensive, One Hundred Percent American explains the Klan's appeal, its limitations, and the reasons for its rapid decline in a society confronting the reality of cultural and religious pluralism</subfield></datafield><datafield ind1="2" ind2="0" tag="610"><subfield code="a">Ku Klux Klan (1915- )</subfield></datafield><datafield ind1="2" ind2="7" tag="610"><subfield code="a">Ku Klux Klan</subfield><subfield code="g">1915-....</subfield><subfield code="0">(IDREF)027317420</subfield><subfield code="2">idref</subfield></datafield><datafield ind1="2" ind2="7" tag="610"><subfield code="a">Ku-Klux-Klan</subfield><subfield code="2">idszbz</subfield></datafield><datafield ind1="2" ind2="7" tag="610"><subfield code="a">Ku-Klux-Klan</subfield><subfield code="0">(DE-588)4101512-5</subfield><subfield code="2">gnd</subfield></datafield><datafield ind1=" " ind2="7" tag="648"><subfield code="a">Geschichte 1900-1950</subfield><subfield code="2">idszbz</subfield></datafield><datafield ind1=" " ind2="7" tag="648"><subfield code="a">Geschichte 1920-1930</subfield><subfield code="2">gnd</subfield></datafield><datafield ind1=" " ind2="0" tag="650"><subfield code="a">Racism</subfield><subfield code="z">United States</subfield><subfield code="x">History</subfield><subfield code="y">20th century</subfield><subfield code="z">Racism</subfield><subfield code="z">United States</subfield><subfield code="x">History</subfield><subfield code="y">20th century</subfield></datafield><datafield ind1=" " ind2="7" tag="650"><subfield code="a">Années 1920</subfield><subfield code="0">(IDREF)034703896</subfield><subfield code="2">idref</subfield></datafield><datafield ind1=" " ind2="7" tag="650"><subfield code="a">Racisme</subfield><subfield code="0">(IDREF)027341690</subfield><subfield code="2">idref</subfield></datafield><datafield ind1=" " ind2="0" tag="650"><subfield code="a">Ku Klux Klan (1915- )</subfield></datafield><datafield ind1=" " ind2="0" tag="650"><subfield code="a">Political science</subfield></datafield><datafield ind1=" " ind2="0" tag="650"><subfield code="a">Racism</subfield><subfield code="x">History</subfield><subfield code="y">20th century</subfield></datafield><datafield ind1=" " ind2="0" tag="650"><subfield code="a">Racism</subfield><subfield code="z">United States</subfield><subfield code="x">History</subfield><subfield code="y">20th century</subfield></datafield><datafield ind1=" " ind2="0" tag="650"><subfield code="a">Racism</subfield><subfield code="z">United States</subfield><subfield code="x">History</subfield><subfield code="y">20th century</subfield><subfield code="x">Race relations</subfield></datafield><datafield ind1=" " ind2="0" tag="650"><subfield code="a">Social sciences</subfield></datafield><datafield ind1=" " ind2="0" tag="650"><subfield code="a">Racism</subfield><subfield code="x">History</subfield><subfield code="y">20th century</subfield><subfield code="x">Race relations</subfield><subfield code="z">United States</subfield><subfield code="x">History</subfield><subfield code="y">20th century</subfield></datafield><datafield ind1=" " ind2="0" tag="651"><subfield code="a">United States</subfield><subfield code="x">Social conditions</subfield><subfield code="y">1918-1932</subfield></datafield><datafield ind1=" " ind2="7" tag="651"><subfield code="a">États-Unis</subfield><subfield code="0">(IDREF)027225488</subfield><subfield code="2">idref</subfield></datafield><datafield ind1=" " ind2="7" tag="651"><subfield code="a">USA</subfield><subfield code="2">idszbz</subfield></datafield><datafield ind1=" " ind2="0" tag="651"><subfield code="a">United States</subfield><subfield code="x">Social conditions</subfield><subfield code="y">1918-32</subfield></datafield><datafield ind1=" " ind2="7" tag="651"><subfield code="a">USA</subfield><subfield code="0">(DE-588)4078704-7</subfield><subfield code="2">gnd</subfield></datafield><datafield ind1="4" ind2=" " tag="856"><subfield code="3">Titelblatt und Inhaltsverzeichnis</subfield><subfield code="u">https://toc.library.ethz.ch/objects/pdf/z01_978-1-56663-711-4_01.pdf</subfield><subfield code="q">pdf</subfield></datafield><datafield ind1=" " ind2=" " tag="900"><subfield code="a">IDSZ2zbzmon201207f</subfield><subfield code="c">IDSZ2ehra</subfield><subfield code="d">IDSZ2zbzswk201207b</subfield><subfield code="e">IDSZ2brue</subfield></datafield><datafield ind1=" " ind2=" " tag="949"><subfield code="a">https://toc.library.ethz.ch/objects/pdf/z01_978-1-56663-711-4_01.pdf</subfield></datafield></record>
</metadata></record>