<record><header><identifier>oai:alma.41SLSP_UGE:991000802949705502</identifier><datestamp>2024-03-01T01:19:00Z</datestamp><setSpec>uge_bcen_RapidILL_BOOK</setSpec><setSpec>uge_aaca_RapidILL_BOOK</setSpec><setSpec>uge_abels_RapidILL_BOOK</setSpec><setSpec>uge_dbu_RapidILL_BOOK</setSpec><setSpec>uge_cmu_RapidILL_BOOK</setSpec><setSpec>uge_mail_RapidILL_BOOK</setSpec><setSpec>uge_abbat_RapidILL_BOOK</setSpec><setSpec>UNIGE_ALL</setSpec><setSpec>uge_acar_RapidILL_BOOK</setSpec><setSpec>uge_aobs_RapidILL_BOOK</setSpec></header><metadata>
<record xmlns="http://www.loc.gov/MARC21/slim" xmlns:xsi="http://www.w3.org/2001/XMLSchema-instance" xsi:schemaLocation="http://www.loc.gov/MARC21/slim http://www.loc.gov/standards/marcxml/schema/MARC21slim.xsd"><leader>04062nam a2200721 c 4500</leader><controlfield tag="001">991000802949705502</controlfield><controlfield tag="005">20240229150429.0</controlfield><controlfield tag="008">201011s2011    gw ||||| |||| 00| ||ger d</controlfield><datafield ind1=" " ind2=" " tag="015"><subfield code="a">11,N27</subfield><subfield code="2">dnb</subfield></datafield><datafield ind1="7" ind2=" " tag="016"><subfield code="a">1013079043</subfield><subfield code="2">DE-101</subfield></datafield><datafield ind1=" " ind2=" " tag="020"><subfield code="a">9783830925460</subfield><subfield code="q">Gb.</subfield><subfield code="c">EUR 44.90 (DE)</subfield></datafield><datafield ind1=" " ind2=" " tag="020"><subfield code="a">3830925468</subfield><subfield code="q">Gb.</subfield><subfield code="c">EUR 44.90 (DE), EUR 36.00 (DE) (Subskr.-Pr. bis 31.10.2011)</subfield></datafield><datafield ind1="7" ind2=" " tag="024"><subfield code="a">http://catalogue.bnf.fr/ark:/12148/cb42584768s</subfield><subfield code="2">uri</subfield></datafield><datafield ind1=" " ind2=" " tag="035"><subfield code="a">(swissbib)231426623-41slsp_network</subfield></datafield><datafield ind1=" " ind2=" " tag="035"><subfield code="a">231426623</subfield><subfield code="9">ExL</subfield></datafield><datafield ind1=" " ind2=" " tag="035"><subfield code="a">(RERO)R006375173-41slsp</subfield></datafield><datafield ind1=" " ind2=" " tag="035"><subfield code="a">(IDSBB)005654628DSV01</subfield></datafield><datafield ind1=" " ind2=" " tag="035"><subfield code="a">(NEBIS)006647582EBI01</subfield></datafield><datafield ind1=" " ind2=" " tag="035"><subfield code="a">(IDSLU)001033887ILU01</subfield></datafield><datafield ind1=" " ind2=" " tag="035"><subfield code="a">(DE-599)DNB1013079043</subfield></datafield><datafield ind1=" " ind2=" " tag="035"><subfield code="a">(EXLNZ-41SLSP_NETWORK)991103427339705501</subfield></datafield><datafield ind1=" " ind2=" " tag="040"><subfield code="a">DE-604</subfield><subfield code="d">CH-ZuSLS</subfield></datafield><datafield ind1=" " ind2="7" tag="072"><subfield code="a">pe</subfield><subfield code="2">rero</subfield></datafield><datafield ind1=" " ind2="7" tag="072"><subfield code="a">pa</subfield><subfield code="2">SzZuIDS BS/BE</subfield></datafield><datafield ind1="0" ind2="4" tag="082"><subfield code="a">371.3</subfield><subfield code="2">22</subfield></datafield><datafield ind1="0" ind2="4" tag="082"><subfield code="a">371.102</subfield><subfield code="2">22</subfield></datafield><datafield ind1="0" ind2="4" tag="082"><subfield code="a">371.307</subfield><subfield code="2">22</subfield></datafield><datafield ind1="0" ind2="4" tag="082"><subfield code="a">370</subfield></datafield><datafield ind1="1" ind2="4" tag="082"><subfield code="a">370</subfield><subfield code="2">15</subfield></datafield><datafield ind1=" " ind2=" " tag="084"><subfield code="a">370</subfield><subfield code="2">sdnb</subfield></datafield><datafield ind1=" " ind2=" " tag="084"><subfield code="a">DP 1020</subfield><subfield code="2">rvk</subfield></datafield><datafield ind1="1" ind2=" " tag="100"><subfield code="6">880-01</subfield><subfield code="a">Baumgartner, Peter</subfield><subfield code="d">1953-....</subfield><subfield code="0">(IDREF)034252746</subfield><subfield code="4">cre</subfield></datafield><datafield ind1="1" ind2=" " tag="880"><subfield code="a">Baumgartner, Peter</subfield><subfield code="d">1953-</subfield><subfield code="0">(DE-588)136202608</subfield><subfield code="6">100-01</subfield></datafield><datafield ind1="1" ind2="0" tag="245"><subfield code="a">Taxonomie von Unterrichtsmethoden</subfield><subfield code="b">ein Plädoyer für didaktische Vielfalt</subfield><subfield code="c">Peter Baumgartner</subfield></datafield><datafield ind1=" " ind2="1" tag="264"><subfield code="a">Münster</subfield><subfield code="b">Waxmann</subfield><subfield code="c">2011</subfield></datafield><datafield ind1=" " ind2=" " tag="300"><subfield code="a">376 S.</subfield><subfield code="b">Ill.</subfield><subfield code="c">25 cm</subfield></datafield><datafield ind1=" " ind2=" " tag="336"><subfield code="b">txt</subfield><subfield code="2">rdacontent</subfield></datafield><datafield ind1=" " ind2=" " tag="337"><subfield code="b">n</subfield><subfield code="2">rdamedia</subfield></datafield><datafield ind1=" " ind2=" " tag="338"><subfield code="b">nc</subfield><subfield code="2">rdacarrier</subfield></datafield><datafield ind1=" " ind2=" " tag="520"><subfield code="a">Nach wie vor gibt es für die didaktische Gestaltung von Unterrichtssituationen wenig zufrieden stellende Hilfsmittel, die sowohl unerfahrene Pädagoginnen und Pädagogen unterstützen, gleichzeitig aber auch Kreativität und didaktische Vielfalt von Expertinnen und Experten fördern. Das vorliegende Buch präsentiert für dieses Di-lemma einen neuen Lösungsansatz. Peter Baumgartner entwickelt eine didaktische Taxonomie, die acht Handlungsschichten mit sechs Beschreibungsebenen verknüpft. Ausgehend von einem Kategorialmodell, das nicht Lehrende, sondern Lernende in den Mittelpunkt stellt, werden didaktische Dimensionen und Prinzipien konstruiert, die für Unterrichtsmethoden eine handlungsanleitende Funktion übernehmen können. Am Beispiel der 20 Unterrichtsmodelle von Karl-Heinz Flechsig werden die Ergebnisse exemplarisch angewendet. Im Rahmen dieser diskursiven Exploration werden über 130 Unterrichtsmethoden identifiziert und damit der innovative und heuristische Charakter der didaktischen Taxonomie demonstriert.</subfield><subfield code="5">ubs-A265</subfield></datafield><datafield ind1=" " ind2="7" tag="650"><subfield code="a">Didactique</subfield><subfield code="0">(IDREF)032249187</subfield><subfield code="2">idref</subfield></datafield><datafield ind1=" " ind2="7" tag="650"><subfield code="a">Enseignement</subfield><subfield code="0">(IDREF)027264998</subfield><subfield code="2">idref</subfield></datafield><datafield ind1=" " ind2="7" tag="650"><subfield code="a">Méthodologie</subfield><subfield code="0">(IDREF)027239489</subfield><subfield code="2">idref</subfield></datafield><datafield ind1=" " ind2="7" tag="650"><subfield code="a">taxonomie</subfield><subfield code="0">(RERO)A009955673</subfield><subfield code="2">rerovoc</subfield></datafield><datafield ind1=" " ind2="7" tag="650"><subfield code="a">Schülerorientierte Didaktik</subfield><subfield code="0">(DE-588)4180046-1</subfield><subfield code="2">gnd</subfield></datafield><datafield ind1=" " ind2="7" tag="650"><subfield code="a">Taxonomie</subfield><subfield code="0">(DE-588)4184546-8</subfield><subfield code="2">gnd</subfield></datafield><datafield ind1=" " ind2="7" tag="650"><subfield code="a">Didaktik</subfield><subfield code="0">(DE-588)4070463-4</subfield><subfield code="2">gnd</subfield></datafield><datafield ind1=" " ind2="7" tag="650"><subfield code="a">Unterrichtsmethode</subfield><subfield code="0">(DE-588)4078637-7</subfield><subfield code="2">gnd</subfield></datafield><datafield ind1=" " ind2="7" tag="650"><subfield code="a">Bildungstheoretische Didaktik</subfield><subfield code="0">(DE-588)4145486-8</subfield><subfield code="2">gnd</subfield></datafield><datafield ind1=" " ind2="7" tag="650"><subfield code="a">Lernzielklassifikation</subfield><subfield code="0">(DE-588)4167416-9</subfield><subfield code="2">gnd</subfield></datafield><datafield ind1=" " ind2=" " tag="690"><subfield code="a">Unterrichtsmethode</subfield><subfield code="2">nebis-E4</subfield></datafield><datafield ind1=" " ind2=" " tag="690"><subfield code="a">Lernzielklassifikation</subfield><subfield code="2">nebis-E4</subfield></datafield><datafield ind1="4" ind2="2" tag="856"><subfield code="u">https://deposit.dnb.de/cgi-bin/dokserv?id=3846029&amp;prov=M&amp;dok%5Fvar=1&amp;dok%5Fext=htm</subfield></datafield><datafield ind1="4" ind2=" " tag="856"><subfield code="3">Titelblatt und Inhaltsverzeichnis</subfield><subfield code="u">https://toc.library.ethz.ch/objects/pdf/z01_978-3-8309-2546-0_01.pdf</subfield><subfield code="q">pdf</subfield></datafield><datafield ind1="4" ind2=" " tag="856"><subfield code="u">https://deposit.dnb.de/cgi-bin/dokserv?id=3846029&amp;prov=M&amp;dok_var=1&amp;dok_ext=htm</subfield><subfield code="z">Abstract</subfield><subfield code="x">27.1.12/b571/ch</subfield></datafield><datafield ind1=" " ind2=" " tag="900"><subfield code="a">REROnoselfmerge</subfield></datafield><datafield ind1=" " ind2=" " tag="900"><subfield code="a">IDSE5E93ANH-2012</subfield></datafield><datafield ind1=" " ind2=" " tag="900"><subfield code="a">IDSE5E43ANH-2012</subfield></datafield><datafield ind1=" " ind2=" " tag="900"><subfield code="a">IDSZ2zbzmon201206l</subfield><subfield code="c">IDSZ2hilb</subfield><subfield code="d">IDSZ2zbzswk201207b</subfield><subfield code="e">IDSZ2kara</subfield></datafield><datafield ind1=" " ind2=" " tag="900"><subfield code="a">IDSERPHGR-PRIMO-INDEX</subfield></datafield><datafield ind1=" " ind2=" " tag="910"><subfield code="a">OCoLC</subfield><subfield code="b">20120113</subfield><subfield code="c">Droits réservés</subfield></datafield><datafield ind1=" " ind2=" " tag="949"><subfield code="a">https://toc.library.ethz.ch/objects/pdf/z01_978-3-8309-2546-0_01.pdf</subfield></datafield><datafield ind1=" " ind2=" " tag="949"><subfield code="a">https://deposit.dnb.de/cgi-bin/dokserv?id=3846029&amp;prov=M&amp;dok%5Fvar=1&amp;dok%5Fext=htm</subfield></datafield><datafield ind1=" " ind2=" " tag="949"><subfield code="a">https://deposit.dnb.de/cgi-bin/dokserv?id=3846029&amp;prov=M&amp;dok_var=1&amp;dok_ext=htm</subfield></datafield></record>
</metadata></record>