<record><header><identifier>oai:alma.41SLSP_UGE:991000802429705502</identifier><datestamp>2023-03-01T01:10:19Z</datestamp><setSpec>uge_bcen_RapidILL_BOOK</setSpec><setSpec>uge_aaca_RapidILL_BOOK</setSpec><setSpec>uge_abels_RapidILL_BOOK</setSpec><setSpec>uge_dbu_RapidILL_BOOK</setSpec><setSpec>uge_cmu_RapidILL_BOOK</setSpec><setSpec>uge_mail_RapidILL_BOOK</setSpec><setSpec>UNIGE_ALL</setSpec><setSpec>uge_abbat_RapidILL_BOOK</setSpec><setSpec>uge_aobs_RapidILL_BOOK</setSpec><setSpec>uge_acar_RapidILL_BOOK</setSpec></header><metadata>
<record xmlns="http://www.loc.gov/MARC21/slim" xmlns:xsi="http://www.w3.org/2001/XMLSchema-instance" xsi:schemaLocation="http://www.loc.gov/MARC21/slim http://www.loc.gov/standards/marcxml/schema/MARC21slim.xsd"><leader>01811nam a2200397 c 4500</leader><controlfield tag="001">991000802429705502</controlfield><controlfield tag="005">20201230222114.0</controlfield><controlfield tag="008">201011s1995    gw ||||| |||| 00| ||ger d</controlfield><datafield ind1=" " ind2=" " tag="020"><subfield code="a">3771615380</subfield><subfield code="q">T.2</subfield></datafield><datafield ind1=" " ind2=" " tag="020"><subfield code="a">3771615399</subfield><subfield code="q">T.1</subfield></datafield><datafield ind1="7" ind2=" " tag="024"><subfield code="a">http://catalogue.bnf.fr/ark:/12148/cb37518759x</subfield><subfield code="2">uri</subfield></datafield><datafield ind1=" " ind2=" " tag="035"><subfield code="a">(swissbib)222909935-41slsp_network</subfield></datafield><datafield ind1=" " ind2=" " tag="035"><subfield code="a">222909935</subfield><subfield code="9">ExL</subfield></datafield><datafield ind1=" " ind2=" " tag="035"><subfield code="a">(RERO)R220256860-41slsp</subfield></datafield><datafield ind1=" " ind2=" " tag="035"><subfield code="a">(NEBIS)007929316EBI01</subfield></datafield><datafield ind1=" " ind2=" " tag="035"><subfield code="a">(IDSLU)000089469ILU01</subfield></datafield><datafield ind1=" " ind2=" " tag="035"><subfield code="a">(EXLNZ-41SLSP_NETWORK)991054163849705501</subfield></datafield><datafield ind1=" " ind2=" " tag="040"><subfield code="a">RERO frbcuc</subfield><subfield code="d">CH-ZuSLS</subfield></datafield><datafield ind1=" " ind2="7" tag="072"><subfield code="a">al</subfield><subfield code="2">rero</subfield></datafield><datafield ind1=" " ind2="7" tag="072"><subfield code="a">630</subfield><subfield code="2">IDS LU</subfield></datafield><datafield ind1="1" ind2=" " tag="100"><subfield code="a">Knigge, Adolph von</subfield><subfield code="d">1751-1796</subfield><subfield code="0">(IDREF)029889766</subfield><subfield code="4">cre</subfield></datafield><datafield ind1="1" ind2="0" tag="245"><subfield code="a">Benjamin Noldmann's Geschichte der Aufklärung in Abyssinien oder Nachricht von seinem und seines Herrn Vetters Aufenthalte an dem Hofe des grossen Negus, oder Priesters Johannes</subfield><subfield code="c">Adolph Freiherr Knigge</subfield></datafield><datafield ind1=" " ind2="1" tag="264"><subfield code="a">Hannover</subfield><subfield code="b">Fackelträger</subfield><subfield code="c">1995</subfield></datafield><datafield ind1=" " ind2=" " tag="300"><subfield code="a">351 S.</subfield><subfield code="c">21 cm</subfield></datafield><datafield ind1=" " ind2=" " tag="336"><subfield code="b">txt</subfield><subfield code="2">rdacontent</subfield></datafield><datafield ind1=" " ind2=" " tag="337"><subfield code="b">n</subfield><subfield code="2">rdamedia</subfield></datafield><datafield ind1=" " ind2=" " tag="338"><subfield code="b">nc</subfield><subfield code="2">rdacarrier</subfield></datafield><datafield ind1="1" ind2=" " tag="490"><subfield code="a">Ausgewählte Werke in zehn Bänden / Adolph Freiherr Knigge</subfield><subfield code="v">Bd. 9</subfield></datafield><datafield ind1="0" ind2="0" tag="505"><subfield code="g">1</subfield><subfield code="t">[Ohne Titel]</subfield></datafield><datafield ind1="0" ind2="0" tag="505"><subfield code="g">2</subfield><subfield code="t">Benjamin Noldmann's Geschichte der Aufklärung in Abyssinien, oder, Nachricht von seinem und seines Herrn Vetters Aufenthalte an dem Hofe des grossen Negus, oder Priesters Johannes</subfield></datafield><datafield ind1=" " ind2=" " tag="690"><subfield code="a">Aufklärung. Deutschland. Geschichte. 18. Jh.</subfield><subfield code="2">rzs-L1</subfield></datafield><datafield ind1=" " ind2=" " tag="690"><subfield code="a">Revolutionen. Frankreich 1789 &amp; Deutschland. Geschichte. 18. Jh.</subfield><subfield code="2">rzs-L1</subfield></datafield><datafield ind1=" " ind2=" " tag="690"><subfield code="a">Politik. Deutschland. Geschichte. 18. Jh.</subfield><subfield code="2">rzs-L1</subfield></datafield><datafield ind1="1" ind2=" " tag="700"><subfield code="a">Knigge, Adolph</subfield><subfield code="c">Freiherr von</subfield></datafield><datafield ind1="1" ind2=" " tag="700"><subfield code="a">Knigge, Adolph</subfield><subfield code="c">Freiherr</subfield><subfield code="d">1752-1796</subfield><subfield code="0">(DE-588)11856370X</subfield></datafield><datafield ind1="1" ind2=" " tag="800"><subfield code="a">Knigge, Adolph von</subfield><subfield code="d">1752-1796</subfield><subfield code="t">Ausgewählte Werke in zehn Bänden</subfield><subfield code="v">9</subfield><subfield code="w">(IDSLU)000060654ILU01</subfield></datafield><datafield ind1=" " ind2=" " tag="900"><subfield code="a">REROnoselfmerge</subfield></datafield></record>
</metadata></record>