<record><header><identifier>oai:alma.41SLSP_UGE:991000802409705502</identifier><datestamp>2023-03-01T01:10:19Z</datestamp><setSpec>uge_bcen_RapidILL_BOOK</setSpec><setSpec>uge_aaca_RapidILL_BOOK</setSpec><setSpec>uge_abels_RapidILL_BOOK</setSpec><setSpec>uge_dbu_RapidILL_BOOK</setSpec><setSpec>uge_cmu_RapidILL_BOOK</setSpec><setSpec>uge_mail_RapidILL_BOOK</setSpec><setSpec>UNIGE_ALL</setSpec><setSpec>uge_abbat_RapidILL_BOOK</setSpec><setSpec>uge_aobs_RapidILL_BOOK</setSpec><setSpec>uge_acar_RapidILL_BOOK</setSpec></header><metadata>
<record xmlns="http://www.loc.gov/MARC21/slim" xmlns:xsi="http://www.w3.org/2001/XMLSchema-instance" xsi:schemaLocation="http://www.loc.gov/MARC21/slim http://www.loc.gov/standards/marcxml/schema/MARC21slim.xsd"><leader>01444nam a22003012c 4500</leader><controlfield tag="001">991000802409705502</controlfield><controlfield tag="005">20201126032405.0</controlfield><controlfield tag="008">041004m19011909gw ||||| |||| 00| ||ger d</controlfield><datafield ind1=" " ind2=" " tag="035"><subfield code="a">(swissbib)101088264-41slsp_network</subfield></datafield><datafield ind1=" " ind2=" " tag="035"><subfield code="a">101088264</subfield><subfield code="9">ExL</subfield></datafield><datafield ind1=" " ind2=" " tag="035"><subfield code="a">(RERO)R003714455-41slsp</subfield></datafield><datafield ind1=" " ind2=" " tag="035"><subfield code="a">(EXLNZ-41SLSP_NETWORK)991001794679705501</subfield></datafield><datafield ind1=" " ind2=" " tag="040"><subfield code="a">RERO gevbpu</subfield><subfield code="d">CH-ZuSLS</subfield></datafield><datafield ind1=" " ind2="7" tag="072"><subfield code="a">ar</subfield><subfield code="2">rero</subfield></datafield><datafield ind1="0" ind2="0" tag="245"><subfield code="a">Hieratische Papyrus aus den Königlichen Museen zu Berlin</subfield><subfield code="c">hrsg. von der Generalverwaltung</subfield></datafield><datafield ind1=" " ind2="1" tag="264"><subfield code="a">Leipzig</subfield><subfield code="b">Hinrichs</subfield><subfield code="c">1901-1909</subfield></datafield><datafield ind1=" " ind2=" " tag="300"><subfield code="a">5 vol.</subfield><subfield code="b">ill.</subfield><subfield code="c">42 cm</subfield></datafield><datafield ind1=" " ind2=" " tag="336"><subfield code="b">txt</subfield><subfield code="2">rdacontent</subfield></datafield><datafield ind1=" " ind2=" " tag="337"><subfield code="b">n</subfield><subfield code="2">rdamedia</subfield></datafield><datafield ind1=" " ind2=" " tag="338"><subfield code="b">nc</subfield><subfield code="2">rdacarrier</subfield></datafield><datafield ind1="0" ind2=" " tag="505"><subfield code="a">Vol. 1: Rituale für den Kultus des Amon und für den Kultus der Mut</subfield></datafield><datafield ind1="0" ind2=" " tag="505"><subfield code="a">Vol. 2: Hymnen an verschiedene Götter, Zusatzkapitel zum Totenbuch</subfield></datafield><datafield ind1="0" ind2=" " tag="505"><subfield code="a">Vol. 3: Schriftstücke der 6. Dynastie aus Elephantine, Zaubersprüche für Mutter und Kind, Ostraka</subfield></datafield><datafield ind1="0" ind2=" " tag="505"><subfield code="a">Vol. 4: Literarische Texte des mittleren Reiches : die Klagen des Bauern / hrsg. von Adolf Erman ; bearb. von F. Vogelsang und Alan H.Gardiner</subfield></datafield><datafield ind1="0" ind2=" " tag="505"><subfield code="a">Vol. 5: Literarische Texte des mittleren Reiches : die Erzählung des Sinuhe und die Hirtengeschichte / hrsg. von Adolf Erman ; bearb. von Alan H. Gardiner</subfield></datafield><datafield ind1="1" ind2="2" tag="700"><subfield code="a">Erman, Adolf</subfield><subfield code="t">Literarische Texte des mittleren Reiches</subfield></datafield><datafield ind1="1" ind2=" " tag="700"><subfield code="a">Erman, Adolf</subfield></datafield><datafield ind1="2" ind2=" " tag="710"><subfield code="a">Königliche Museen (Berlin)</subfield><subfield code="0">(RERO)A000100867</subfield></datafield><datafield ind1=" " ind2=" " tag="900"><subfield code="a">REROnoselfmerge</subfield></datafield></record>
</metadata></record>