<record><header><identifier>oai:alma.41SLSP_UGE:991000803149705502</identifier><datestamp>2023-04-01T00:11:04Z</datestamp><setSpec>uge_bcen_RapidILL_BOOK</setSpec><setSpec>uge_aaca_RapidILL_BOOK</setSpec><setSpec>uge_abels_RapidILL_BOOK</setSpec><setSpec>uge_dbu_RapidILL_BOOK</setSpec><setSpec>uge_cmu_RapidILL_BOOK</setSpec><setSpec>uge_mail_RapidILL_BOOK</setSpec><setSpec>uge_abbat_RapidILL_BOOK</setSpec><setSpec>UNIGE_ALL</setSpec><setSpec>uge_acar_RapidILL_BOOK</setSpec><setSpec>uge_aobs_RapidILL_BOOK</setSpec></header><metadata>
<record xmlns="http://www.loc.gov/MARC21/slim" xmlns:xsi="http://www.w3.org/2001/XMLSchema-instance" xsi:schemaLocation="http://www.loc.gov/MARC21/slim http://www.loc.gov/standards/marcxml/schema/MARC21slim.xsd"><leader>01005nam a2200277 c 4500</leader><controlfield tag="001">991000803149705502</controlfield><controlfield tag="005">20230331204511.0</controlfield><controlfield tag="008">000922s1894    fr ||||| |||| 00| ||fre d</controlfield><datafield ind1=" " ind2=" " tag="035"><subfield code="a">(swissbib)095857141-41slsp_network</subfield></datafield><datafield ind1=" " ind2=" " tag="035"><subfield code="a">095857141</subfield><subfield code="9">ExL</subfield></datafield><datafield ind1=" " ind2=" " tag="035"><subfield code="a">(RERO)R271909160-41slsp</subfield></datafield><datafield ind1=" " ind2=" " tag="035"><subfield code="a">(EXLNZ-41SLSP_NETWORK)991070347919705501</subfield></datafield><datafield ind1=" " ind2=" " tag="040"><subfield code="a">RERO geussc</subfield><subfield code="d">CH-ZuSLS</subfield></datafield><datafield ind1=" " ind2="7" tag="072"><subfield code="a">ch</subfield><subfield code="2">rero</subfield></datafield><datafield ind1=" " ind2="7" tag="072"><subfield code="a">bi</subfield><subfield code="2">rero</subfield></datafield><datafield ind1="1" ind2=" " tag="100"><subfield code="a">Zune, A.-J</subfield><subfield code="0">(RERO)A006053296</subfield><subfield code="4">cre</subfield></datafield><datafield ind1="1" ind2="0" tag="245"><subfield code="a">Traité d'analyse chimique, micrographique et microbiologique des eaux potables</subfield><subfield code="c">par A.-J. Zune</subfield></datafield><datafield ind1=" " ind2="1" tag="264"><subfield code="a">Paris</subfield><subfield code="b">O. Doin</subfield><subfield code="a">Bruxelles</subfield><subfield code="b">Bureaux du Moniteur du praticien</subfield><subfield code="c">1894</subfield></datafield><datafield ind1=" " ind2=" " tag="300"><subfield code="a">380, II p.</subfield><subfield code="b">ill.</subfield><subfield code="c">23 cm</subfield></datafield><datafield ind1=" " ind2=" " tag="336"><subfield code="b">txt</subfield><subfield code="2">rdacontent</subfield></datafield><datafield ind1=" " ind2=" " tag="337"><subfield code="b">n</subfield><subfield code="2">rdamedia</subfield></datafield><datafield ind1=" " ind2=" " tag="338"><subfield code="b">nc</subfield><subfield code="2">rdacarrier</subfield></datafield><datafield ind1=" " ind2="7" tag="650"><subfield code="a">analyse chimique</subfield><subfield code="0">(RERO)A010042657</subfield><subfield code="2">rerovoc</subfield></datafield><datafield ind1=" " ind2="7" tag="650"><subfield code="a">Eau potable</subfield><subfield code="0">(IDREF)027260992</subfield><subfield code="2">idref</subfield></datafield><datafield ind1=" " ind2="7" tag="650"><subfield code="a">technique de laboratoire</subfield><subfield code="0">(RERO)A010032070</subfield><subfield code="2">rerovoc</subfield></datafield><datafield ind1=" " ind2="7" tag="650"><subfield code="a">analyse bactériologique</subfield><subfield code="0">(RERO)A009957307</subfield><subfield code="2">rerovoc</subfield></datafield><datafield ind1=" " ind2=" " tag="900"><subfield code="a">REROnoselfmerge</subfield></datafield></record>
</metadata></record>