<record><header><identifier>oai:alma.41SLSP_UGE:991000102309705502</identifier><datestamp>2023-04-08T00:14:45Z</datestamp><setSpec>uge_bcen_RapidILL_BOOK</setSpec><setSpec>uge_aaca_RapidILL_BOOK</setSpec><setSpec>uge_abels_RapidILL_BOOK</setSpec><setSpec>uge_dbu_RapidILL_BOOK</setSpec><setSpec>uge_cmu_RapidILL_BOOK</setSpec><setSpec>uge_mail_RapidILL_BOOK</setSpec><setSpec>uge_abbat_RapidILL_BOOK</setSpec><setSpec>UNIGE_ALL</setSpec><setSpec>uge_acar_RapidILL_BOOK</setSpec><setSpec>uge_aobs_RapidILL_BOOK</setSpec></header><metadata>
<record xmlns="http://www.loc.gov/MARC21/slim" xmlns:xsi="http://www.w3.org/2001/XMLSchema-instance" xsi:schemaLocation="http://www.loc.gov/MARC21/slim http://www.loc.gov/standards/marcxml/schema/MARC21slim.xsd"><leader>01757nam a2200373 c 4500</leader><controlfield tag="001">991000102309705502</controlfield><controlfield tag="005">20230407055938.0</controlfield><controlfield tag="008">201011s2010    sz ||||| |||| 00| ||eng d</controlfield><datafield ind1=" " ind2=" " tag="035"><subfield code="a">(swissbib)230119832-41slsp_network</subfield></datafield><datafield ind1=" " ind2=" " tag="035"><subfield code="a">230119832</subfield><subfield code="9">ExL</subfield></datafield><datafield ind1=" " ind2=" " tag="035"><subfield code="a">(RERO)R005519529-41slsp</subfield></datafield><datafield ind1=" " ind2=" " tag="035"><subfield code="a">(NEBIS)006529712EBI01</subfield></datafield><datafield ind1=" " ind2=" " tag="035"><subfield code="a">(EXLNZ-41SLSP_NETWORK)991018966939705501</subfield></datafield><datafield ind1=" " ind2=" " tag="040"><subfield code="a">RERO lausst</subfield><subfield code="d">CH-ZuSLS</subfield></datafield><datafield ind1=" " ind2=" " tag="044"><subfield code="a">sz</subfield><subfield code="c">ch-vd</subfield></datafield><datafield ind1=" " ind2="7" tag="072"><subfield code="a">st</subfield><subfield code="2">rero</subfield></datafield><datafield ind1="0" ind2="0" tag="245"><subfield code="a">Spathian (Lower Triassic) ammonoids from western USA</subfield><subfield code="b">Idaho, California, Utah and Nevada</subfield><subfield code="c">Jean Guex ... [et al.]</subfield></datafield><datafield ind1=" " ind2="1" tag="264"><subfield code="a">Lausanne</subfield><subfield code="b">Institut de géologie et paléontologie, Université de Lausanne</subfield><subfield code="c">2010</subfield></datafield><datafield ind1=" " ind2=" " tag="300"><subfield code="a">82, [122] p.</subfield><subfield code="b">ill.</subfield></datafield><datafield ind1=" " ind2=" " tag="336"><subfield code="b">txt</subfield><subfield code="2">rdacontent</subfield></datafield><datafield ind1=" " ind2=" " tag="337"><subfield code="b">n</subfield><subfield code="2">rdamedia</subfield></datafield><datafield ind1=" " ind2=" " tag="338"><subfield code="b">nc</subfield><subfield code="2">rdacarrier</subfield></datafield><datafield ind1="1" ind2=" " tag="490"><subfield code="a">Mémoires de géologie, Lausanne</subfield><subfield code="v">No. 49</subfield></datafield><datafield ind1=" " ind2="7" tag="650"><subfield code="a">AMMONOIDEA (PALÄOZOOLOGIE)</subfield><subfield code="9">ger</subfield><subfield code="0">(ETHUDK)000021036</subfield><subfield code="2">ethudk</subfield></datafield><datafield ind1=" " ind2="7" tag="650"><subfield code="a">IDAHO, BUNDESSTAAT (USA)</subfield><subfield code="9">ger</subfield><subfield code="0">(ETHUDK)000008106</subfield><subfield code="2">ethudk</subfield></datafield><datafield ind1=" " ind2="7" tag="650"><subfield code="a">KALIFORNIEN, BUNDESSTAAT (USA)</subfield><subfield code="9">ger</subfield><subfield code="0">(ETHUDK)000008070</subfield><subfield code="2">ethudk</subfield></datafield><datafield ind1=" " ind2="7" tag="650"><subfield code="a">NEVADA, BUNDESSTAAT (USA)</subfield><subfield code="9">ger</subfield><subfield code="0">(ETHUDK)000008059</subfield><subfield code="2">ethudk</subfield></datafield><datafield ind1=" " ind2="7" tag="650"><subfield code="a">UNTERTRIAS (STRATIGRAPHIE)</subfield><subfield code="9">ger</subfield><subfield code="0">(ETHUDK)000020482</subfield><subfield code="2">ethudk</subfield></datafield><datafield ind1=" " ind2="7" tag="650"><subfield code="a">UTAH, BUNDESSTAAT (USA)</subfield><subfield code="9">ger</subfield><subfield code="0">(ETHUDK)000008052</subfield><subfield code="2">ethudk</subfield></datafield><datafield ind1="1" ind2=" " tag="700"><subfield code="a">Guex, Jean</subfield><subfield code="d">1945-....</subfield><subfield code="0">(IDREF)032036302</subfield></datafield><datafield ind1="2" ind2=" " tag="710"><subfield code="a">Université de Lausanne</subfield><subfield code="b">Institut de géologie et de paléontologie</subfield><subfield code="0">(RERO)A012315843</subfield></datafield><datafield ind1="4" ind2=" " tag="856"><subfield code="3">Titelblatt und Inhaltsverzeichnis</subfield><subfield code="u">https://toc.library.ethz.ch/objects/pdf/e04_006529712_01.pdf</subfield><subfield code="q">pdf</subfield></datafield><datafield ind1=" " ind2="0" tag="830"><subfield code="a">Mémoires de géologie, Lausanne</subfield><subfield code="v">49</subfield><subfield code="w">(RERO)0993131-41slsp</subfield></datafield><datafield ind1=" " ind2="0" tag="830"><subfield code="a">Mémoires de Géologie (Lausanne)</subfield><subfield code="v">49</subfield><subfield code="w">(NEBIS)000527710EBI01</subfield></datafield><datafield ind1=" " ind2=" " tag="949"><subfield code="a">https://toc.library.ethz.ch/objects/pdf/e04_006529712_01.pdf</subfield></datafield></record>
</metadata></record>