<record><header><identifier>oai:alma.41SLSP_UGE:991000102419705502</identifier><datestamp>2023-03-01T01:10:19Z</datestamp><setSpec>uge_bcen_RapidILL_BOOK</setSpec><setSpec>uge_aaca_RapidILL_BOOK</setSpec><setSpec>uge_abels_RapidILL_BOOK</setSpec><setSpec>uge_dbu_RapidILL_BOOK</setSpec><setSpec>uge_cmu_RapidILL_BOOK</setSpec><setSpec>uge_mail_RapidILL_BOOK</setSpec><setSpec>UNIGE_ALL</setSpec><setSpec>uge_abbat_RapidILL_BOOK</setSpec><setSpec>uge_aobs_RapidILL_BOOK</setSpec><setSpec>uge_acar_RapidILL_BOOK</setSpec></header><metadata>
<record xmlns="http://www.loc.gov/MARC21/slim" xmlns:xsi="http://www.w3.org/2001/XMLSchema-instance" xsi:schemaLocation="http://www.loc.gov/MARC21/slim http://www.loc.gov/standards/marcxml/schema/MARC21slim.xsd"><leader>01043nam a2200289 c 4500</leader><controlfield tag="001">991000102419705502</controlfield><controlfield tag="005">20201222225500.0</controlfield><controlfield tag="008">130910s2008    xxk||||| |||| 00| ||eng d</controlfield><datafield ind1=" " ind2=" " tag="020"><subfield code="a">9780415145398</subfield><subfield code="q">Vol. 4 hardback</subfield></datafield><datafield ind1=" " ind2=" " tag="020"><subfield code="a">9780415145404</subfield><subfield code="q">Vol. 5 hardback</subfield></datafield><datafield ind1=" " ind2=" " tag="035"><subfield code="a">(swissbib)11806505X-41slsp_network</subfield></datafield><datafield ind1=" " ind2=" " tag="035"><subfield code="a">11806505X</subfield><subfield code="9">ExL</subfield></datafield><datafield ind1=" " ind2=" " tag="035"><subfield code="a">(RERO)R007469968-41slsp</subfield></datafield><datafield ind1=" " ind2=" " tag="035"><subfield code="a">(EXLNZ-41SLSP_NETWORK)991106233499705501</subfield></datafield><datafield ind1=" " ind2=" " tag="040"><subfield code="a">RERO geulph</subfield><subfield code="d">CH-ZuSLS</subfield></datafield><datafield ind1=" " ind2="7" tag="072"><subfield code="a">ph</subfield><subfield code="2">rero</subfield></datafield><datafield ind1="1" ind2=" " tag="100"><subfield code="a">Mill, John Stuart</subfield><subfield code="d">1806-1873</subfield><subfield code="0">(IDREF)027029662</subfield><subfield code="4">cre</subfield></datafield><datafield ind1="1" ind2="0" tag="245"><subfield code="a">Collected works of John Stuart Mill</subfield><subfield code="c">ed. by John M. Robson ... [et al.].</subfield><subfield code="n">Vol. 4-5</subfield><subfield code="p">Essays on economics and society</subfield></datafield><datafield ind1=" " ind2=" " tag="250"><subfield code="a">Transf. to digital print.</subfield></datafield><datafield ind1=" " ind2="1" tag="264"><subfield code="a">Abingdon</subfield><subfield code="b">Routledge</subfield><subfield code="c">2008</subfield></datafield><datafield ind1=" " ind2=" " tag="300"><subfield code="a">2 vol.</subfield></datafield><datafield ind1=" " ind2=" " tag="336"><subfield code="b">txt</subfield><subfield code="2">rdacontent</subfield></datafield><datafield ind1=" " ind2=" " tag="337"><subfield code="b">n</subfield><subfield code="2">rdamedia</subfield></datafield><datafield ind1=" " ind2=" " tag="338"><subfield code="b">nc</subfield><subfield code="2">rdacarrier</subfield></datafield><datafield ind1=" " ind2=" " tag="500"><subfield code="a">Vol. 1: 1824-1845 ; vol. 2: 1850-1879</subfield></datafield><datafield ind1="1" ind2=" " tag="700"><subfield code="a">Robson, John Mercel</subfield><subfield code="d">1927-....</subfield><subfield code="0">(IDREF)030690080</subfield></datafield><datafield ind1="1" ind2=" " tag="800"><subfield code="a">Mill, John Stuart</subfield><subfield code="t">Collected works of John Stuart Mill</subfield><subfield code="v">4-5</subfield></datafield><datafield ind1=" " ind2=" " tag="900"><subfield code="a">REROnoselfmerge</subfield></datafield></record>
</metadata></record>