<record><header><identifier>oai:alma.41SLSP_UGE:991000101999705502</identifier><datestamp>2023-03-30T00:09:06Z</datestamp><setSpec>uge_bcen_RapidILL_BOOK</setSpec><setSpec>uge_aaca_RapidILL_BOOK</setSpec><setSpec>uge_abels_RapidILL_BOOK</setSpec><setSpec>uge_dbu_RapidILL_BOOK</setSpec><setSpec>uge_cmu_RapidILL_BOOK</setSpec><setSpec>uge_mail_RapidILL_BOOK</setSpec><setSpec>uge_abbat_RapidILL_BOOK</setSpec><setSpec>UNIGE_ALL</setSpec><setSpec>uge_acar_RapidILL_BOOK</setSpec><setSpec>uge_aobs_RapidILL_BOOK</setSpec></header><metadata>
<record xmlns="http://www.loc.gov/MARC21/slim" xmlns:xsi="http://www.w3.org/2001/XMLSchema-instance" xsi:schemaLocation="http://www.loc.gov/MARC21/slim http://www.loc.gov/standards/marcxml/schema/MARC21slim.xsd"><leader>01247nam a22003132c 4500</leader><controlfield tag="001">991000101999705502</controlfield><controlfield tag="005">20230328202939.0</controlfield><controlfield tag="008">201011s1927    ne            00| | lat  </controlfield><datafield ind1=" " ind2=" " tag="035"><subfield code="a">(swissbib)228809215-41slsp_network</subfield></datafield><datafield ind1=" " ind2=" " tag="035"><subfield code="a">228809215</subfield><subfield code="9">ExL</subfield></datafield><datafield ind1=" " ind2=" " tag="035"><subfield code="a">(IDSBB)003433003DSV01</subfield></datafield><datafield ind1=" " ind2=" " tag="035"><subfield code="a">(RERO)R004647601-41slsp</subfield></datafield><datafield ind1=" " ind2=" " tag="035"><subfield code="a">(NEBIS)008950816EBI01</subfield></datafield><datafield ind1=" " ind2=" " tag="035"><subfield code="a">(EXLNZ-41SLSP_NETWORK)991051377249705501</subfield></datafield><datafield ind1=" " ind2=" " tag="040"><subfield code="a">SzZuIDS BS/BE A100</subfield><subfield code="e">kids</subfield><subfield code="d">CH-ZuSLS</subfield></datafield><datafield ind1=" " ind2="7" tag="072"><subfield code="a">gr</subfield><subfield code="2">rero</subfield></datafield><datafield ind1="0" ind2="0" tag="245"><subfield code="a">Scholia in Aristophanis Plutum et Nubes vetera, Thomae Magistri, Demetrii Triclinii nec non anonyma recentiora partim inedita</subfield><subfield code="c">Edidit, varias lectiones adiecit, commentariis instruxit W. I. W. Koster</subfield></datafield><datafield ind1=" " ind2="1" tag="264"><subfield code="a">Lugduni Batavorum</subfield><subfield code="b">Sijthoff</subfield><subfield code="c">1927</subfield></datafield><datafield ind1=" " ind2=" " tag="300"><subfield code="a">1 Band</subfield></datafield><datafield ind1=" " ind2=" " tag="336"><subfield code="b">txt</subfield><subfield code="2">rdacontent</subfield></datafield><datafield ind1=" " ind2=" " tag="337"><subfield code="b">n</subfield><subfield code="2">rdamedia</subfield></datafield><datafield ind1=" " ind2=" " tag="338"><subfield code="b">nc</subfield><subfield code="2">rdacarrier</subfield></datafield><datafield ind1="0" ind2="7" tag="600"><subfield code="a">Aristophane</subfield><subfield code="d">0445?-0386? av. J.-C.</subfield><subfield code="t">Ploutos</subfield><subfield code="0">(IDREF)027714675</subfield><subfield code="2">idref</subfield></datafield><datafield ind1="0" ind2="7" tag="600"><subfield code="a">Aristophane</subfield><subfield code="d">0445?-0386? av. J.-C.</subfield><subfield code="t">Les nuées</subfield><subfield code="0">(IDREF)028699068</subfield><subfield code="2">idref</subfield></datafield><datafield ind1=" " ind2="7" tag="655"><subfield code="a">Scolies</subfield><subfield code="0">(IDREF)027531198</subfield><subfield code="2">idref</subfield></datafield><datafield ind1="1" ind2=" " tag="700"><subfield code="a">Koster, Willem John Wolff</subfield><subfield code="0">(RERO)A003469750</subfield></datafield><datafield ind1="1" ind2=" " tag="700"><subfield code="a">Koster, Willem Johann Wolff</subfield></datafield><datafield ind1="1" ind2=" " tag="700"><subfield code="a">Koster, Willem J. W.</subfield><subfield code="d">1896-1986</subfield><subfield code="0">(DE-588)115861203</subfield></datafield><datafield ind1=" " ind2=" " tag="900"><subfield code="a">REROnoselfmerge</subfield></datafield><datafield ind1=" " ind2=" " tag="900"><subfield code="f">IDSU2medea</subfield></datafield></record>
</metadata></record>