<record><header><identifier>oai:alma.41SLSP_UGE:991000102519705502</identifier><datestamp>2024-10-17T00:10:02Z</datestamp><setSpec>uge_bcen_RapidILL_BOOK</setSpec><setSpec>uge_aaca_RapidILL_BOOK</setSpec><setSpec>uge_abels_RapidILL_BOOK</setSpec><setSpec>uge_dbu_RapidILL_BOOK</setSpec><setSpec>uge_cmu_RapidILL_BOOK</setSpec><setSpec>uge_mail_RapidILL_BOOK</setSpec><setSpec>uge_abbat_RapidILL_BOOK</setSpec><setSpec>UNIGE_ALL</setSpec><setSpec>uge_aobs_RapidILL_BOOK</setSpec><setSpec>uge_acar_RapidILL_BOOK</setSpec></header><metadata>
<record xmlns="http://www.loc.gov/MARC21/slim" xmlns:xsi="http://www.w3.org/2001/XMLSchema-instance" xsi:schemaLocation="http://www.loc.gov/MARC21/slim http://www.loc.gov/standards/marcxml/schema/MARC21slim.xsd"><leader>01018nam a2200289 c 4500</leader><controlfield tag="001">991000102519705502</controlfield><controlfield tag="005">20241016201751.0</controlfield><controlfield tag="008">201011r19601922xxk||||| |||| 00| ||eng d</controlfield><datafield ind1=" " ind2=" " tag="035"><subfield code="a">(swissbib)220844968-41slsp_network</subfield></datafield><datafield ind1=" " ind2=" " tag="035"><subfield code="a">220844968</subfield><subfield code="9">ExL</subfield></datafield><datafield ind1=" " ind2=" " tag="035"><subfield code="a">(RERO)R007310510-41slsp</subfield></datafield><datafield ind1=" " ind2=" " tag="035"><subfield code="a">(IDSBB)001253056DSV01</subfield></datafield><datafield ind1=" " ind2=" " tag="035"><subfield code="a">(EXLNZ-41SLSP_NETWORK)991158040349705501</subfield></datafield><datafield ind1=" " ind2=" " tag="040"><subfield code="a">RERO geulan</subfield><subfield code="d">CH-ZuSLS</subfield></datafield><datafield ind1=" " ind2="7" tag="072"><subfield code="a">an</subfield><subfield code="2">rero</subfield></datafield><datafield ind1="0" ind2="0" tag="245"><subfield code="a">Ludus coventriae or The plaie called Corpus Christi</subfield><subfield code="b">Cotton MS. Vespasian D. VIII</subfield><subfield code="c">by K. S. Block</subfield></datafield><datafield ind1=" " ind2="1" tag="264"><subfield code="a">London</subfield><subfield code="b">H. Milford</subfield><subfield code="b">Oxford Univ. Press</subfield><subfield code="c">1960</subfield></datafield><datafield ind1=" " ind2=" " tag="300"><subfield code="a">402 p.</subfield></datafield><datafield ind1=" " ind2=" " tag="336"><subfield code="b">txt</subfield><subfield code="2">rdacontent</subfield></datafield><datafield ind1=" " ind2=" " tag="337"><subfield code="b">n</subfield><subfield code="2">rdamedia</subfield></datafield><datafield ind1=" " ind2=" " tag="338"><subfield code="b">nc</subfield><subfield code="2">rdacarrier</subfield></datafield><datafield ind1="1" ind2=" " tag="490"><subfield code="a">Early English Text Society. Extra series</subfield><subfield code="v">120</subfield></datafield><datafield ind1=" " ind2=" " tag="534"><subfield code="p">Réimpr. de l'éd. de :</subfield><subfield code="c">1922</subfield></datafield><datafield ind1=" " ind2=" " tag="534"><subfield code="c">Oxford:Univ. press, 1922</subfield></datafield><datafield ind1="1" ind2=" " tag="700"><subfield code="a">Block, K.S</subfield><subfield code="0">(RERO)A006601585</subfield></datafield><datafield ind1=" " ind2=" " tag="830"><subfield code="a">Extra series</subfield><subfield code="v">120</subfield><subfield code="w">(IDSBB)000595087DSV01</subfield></datafield><datafield ind1=" " ind2=" " tag="830"><subfield code="a">Early English Text Society</subfield><subfield code="p">Extra series</subfield><subfield code="v">120</subfield><subfield code="w">(RERO)0004362-41slsp</subfield></datafield><datafield ind1=" " ind2=" " tag="900"><subfield code="a">REROnoselfmerge</subfield></datafield></record>
</metadata></record>