<record><header><identifier>oai:alma.41SLSP_UGE:991000102529705502</identifier><datestamp>2023-03-01T01:10:19Z</datestamp><setSpec>uge_bcen_RapidILL_BOOK</setSpec><setSpec>uge_aaca_RapidILL_BOOK</setSpec><setSpec>uge_abels_RapidILL_BOOK</setSpec><setSpec>uge_dbu_RapidILL_BOOK</setSpec><setSpec>uge_cmu_RapidILL_BOOK</setSpec><setSpec>uge_mail_RapidILL_BOOK</setSpec><setSpec>UNIGE_ALL</setSpec><setSpec>uge_abbat_RapidILL_BOOK</setSpec><setSpec>uge_aobs_RapidILL_BOOK</setSpec><setSpec>uge_acar_RapidILL_BOOK</setSpec></header><metadata>
<record xmlns="http://www.loc.gov/MARC21/slim" xmlns:xsi="http://www.w3.org/2001/XMLSchema-instance" xsi:schemaLocation="http://www.loc.gov/MARC21/slim http://www.loc.gov/standards/marcxml/schema/MARC21slim.xsd"><leader>01227nam a2200325 c 4500</leader><controlfield tag="001">991000102529705502</controlfield><controlfield tag="005">20201231104724.0</controlfield><controlfield tag="008">201012s1966    xxu           1|| | eng d</controlfield><datafield ind1=" " ind2=" " tag="019"><subfield code="a">SPI Retro 48349</subfield></datafield><datafield ind1=" " ind2=" " tag="035"><subfield code="a">(swissbib)233661158-41slsp_network</subfield></datafield><datafield ind1=" " ind2=" " tag="035"><subfield code="a">233661158</subfield><subfield code="9">ExL</subfield></datafield><datafield ind1=" " ind2=" " tag="035"><subfield code="a">(NEBIS)002302150EBI01</subfield></datafield><datafield ind1=" " ind2=" " tag="035"><subfield code="a">(RERO)0098459-41slsp</subfield></datafield><datafield ind1=" " ind2=" " tag="035"><subfield code="a">(EXLNZ-41SLSP_NETWORK)991065859759705501</subfield></datafield><datafield ind1=" " ind2=" " tag="040"><subfield code="a">IDS NEBIS ETH-BIB</subfield><subfield code="d">CH-ZuSLS</subfield></datafield><datafield ind1=" " ind2="7" tag="072"><subfield code="a">py</subfield><subfield code="2">rero</subfield></datafield><datafield ind1="0" ind2="0" tag="245"><subfield code="a">Automata theory</subfield><subfield code="c">ed. by E.R. Caianiello</subfield></datafield><datafield ind1=" " ind2="1" tag="264"><subfield code="a">New York</subfield><subfield code="b">Academic Press</subfield><subfield code="c">1966</subfield></datafield><datafield ind1=" " ind2=" " tag="300"><subfield code="a">XIV, 342 p.</subfield><subfield code="b">fig.</subfield><subfield code="c">24 cm</subfield></datafield><datafield ind1=" " ind2=" " tag="336"><subfield code="b">txt</subfield><subfield code="2">rdacontent</subfield></datafield><datafield ind1=" " ind2=" " tag="337"><subfield code="b">n</subfield><subfield code="2">rdamedia</subfield></datafield><datafield ind1=" " ind2=" " tag="338"><subfield code="b">nc</subfield><subfield code="2">rdacarrier</subfield></datafield><datafield ind1=" " ind2=" " tag="500"><subfield code="a">6th International School of Physics, Ravello, June 14-30, 1964</subfield></datafield><datafield ind1=" " ind2="7" tag="650"><subfield code="a">automate (informatique)</subfield><subfield code="0">(RERO)A009963939</subfield><subfield code="2">rerovoc</subfield></datafield><datafield ind1=" " ind2="7" tag="655"><subfield code="a">Konferenzschrift</subfield><subfield code="z">Ravello</subfield><subfield code="y">1964</subfield><subfield code="2">gnd-content</subfield></datafield><datafield ind1="1" ind2=" " tag="700"><subfield code="a">Caianiello, Eduardo R.</subfield><subfield code="d">1921-1993</subfield><subfield code="0">(DE-588)120977230</subfield><subfield code="6">880-02</subfield></datafield><datafield ind1="1" ind2=" " tag="880"><subfield code="6">700-02</subfield><subfield code="a">Caianiello, Eduardo Renato</subfield><subfield code="d">1921-1993</subfield><subfield code="0">(IDREF)07729081X</subfield></datafield><datafield ind1="2" ind2=" " tag="711"><subfield code="a">International Spring School of Physics</subfield><subfield code="n">6</subfield><subfield code="d">1964</subfield><subfield code="c">Ravello</subfield><subfield code="0">(RERO)A012337986</subfield></datafield><datafield ind1="2" ind2=" " tag="711"><subfield code="a">International School of Physics (Ravello)</subfield><subfield code="0">(DE-588)1092306080</subfield></datafield><datafield ind1=" " ind2=" " tag="900"><subfield code="a">IDSERSPIdummy</subfield></datafield><datafield ind1=" " ind2=" " tag="900"><subfield code="a">REROnoselfmerge</subfield></datafield></record>
</metadata></record>