<record><header><identifier>oai:alma.41SLSP_UGE:991000102739705502</identifier><datestamp>2024-04-11T00:14:18Z</datestamp><setSpec>uge_bcen_RapidILL_BOOK</setSpec><setSpec>uge_aaca_RapidILL_BOOK</setSpec><setSpec>uge_abels_RapidILL_BOOK</setSpec><setSpec>uge_dbu_RapidILL_BOOK</setSpec><setSpec>uge_cmu_RapidILL_BOOK</setSpec><setSpec>uge_mail_RapidILL_BOOK</setSpec><setSpec>uge_abbat_RapidILL_BOOK</setSpec><setSpec>UNIGE_ALL</setSpec><setSpec>uge_aobs_RapidILL_BOOK</setSpec><setSpec>uge_acar_RapidILL_BOOK</setSpec></header><metadata>
<record xmlns="http://www.loc.gov/MARC21/slim" xmlns:xsi="http://www.w3.org/2001/XMLSchema-instance" xsi:schemaLocation="http://www.loc.gov/MARC21/slim http://www.loc.gov/standards/marcxml/schema/MARC21slim.xsd"><leader>06276nam a2200949 c 4500</leader><controlfield tag="001">991000102739705502</controlfield><controlfield tag="005">20240410143109.0</controlfield><controlfield tag="008">201011s2012    sz ||||| |||| 10| ||ger d</controlfield><datafield ind1=" " ind2=" " tag="019"><subfield code="a">Notices analytiques</subfield><subfield code="5">RERO/iftfla/07.2012</subfield></datafield><datafield ind1=" " ind2=" " tag="020"><subfield code="a">9783906049007</subfield><subfield code="c">CHF 86.70</subfield></datafield><datafield ind1=" " ind2=" " tag="035"><subfield code="a">(swissbib)212542451-41slsp_network</subfield></datafield><datafield ind1=" " ind2=" " tag="035"><subfield code="a">212542451</subfield><subfield code="9">ExL</subfield></datafield><datafield ind1=" " ind2=" " tag="035"><subfield code="a">(RERO)R007083111-41slsp</subfield></datafield><datafield ind1=" " ind2=" " tag="035"><subfield code="a">(IDSSG)000558390HSB01</subfield></datafield><datafield ind1=" " ind2=" " tag="035"><subfield code="a">(IDSLU)001057993ILU01</subfield></datafield><datafield ind1=" " ind2=" " tag="035"><subfield code="a">(IDSBB)006032795DSV01</subfield></datafield><datafield ind1=" " ind2=" " tag="035"><subfield code="a">(NEBIS)007340736EBI01</subfield></datafield><datafield ind1=" " ind2=" " tag="035"><subfield code="a">(ABN)000690711ABN01</subfield></datafield><datafield ind1=" " ind2=" " tag="035"><subfield code="a">(EXLNZ-41SLSP_NETWORK)991121413959705501</subfield></datafield><datafield ind1=" " ind2=" " tag="040"><subfield code="a">RERO iftfla</subfield><subfield code="d">CH-ZuSLS</subfield></datafield><datafield ind1=" " ind2=" " tag="044"><subfield code="a">sz</subfield><subfield code="c">ch-sg</subfield></datafield><datafield ind1=" " ind2="7" tag="072"><subfield code="a">dr</subfield><subfield code="2">rero</subfield></datafield><datafield ind1=" " ind2="7" tag="072"><subfield code="a">820</subfield><subfield code="2">IDS LU</subfield></datafield><datafield ind1=" " ind2="7" tag="072"><subfield code="a">807</subfield><subfield code="2">IDS LU</subfield></datafield><datafield ind1=" " ind2="7" tag="072"><subfield code="a">825</subfield><subfield code="2">IDS LU</subfield></datafield><datafield ind1=" " ind2="7" tag="072"><subfield code="a">rw</subfield><subfield code="2">SzZuIDS BS/BE</subfield></datafield><datafield ind1="0" ind2="4" tag="082"><subfield code="a">344.49402</subfield><subfield code="2">22</subfield></datafield><datafield ind1="1" ind2="4" tag="082"><subfield code="a">340</subfield><subfield code="2">15</subfield></datafield><datafield ind1=" " ind2=" " tag="084"><subfield code="a">CA/CH 12 e</subfield><subfield code="2">cjurrom</subfield></datafield><datafield ind1=" " ind2=" " tag="084"><subfield code="a">A 12 e</subfield><subfield code="2">cjurrom</subfield></datafield><datafield ind1=" " ind2=" " tag="084"><subfield code="a">CA/CH 57 e</subfield><subfield code="2">cjurrom</subfield></datafield><datafield ind1="0" ind2="0" tag="245"><subfield code="a">Fiktives, Hypothetisches und Konstruiertes im Sozialversicherungsrecht</subfield><subfield code="b">Referate der Tagung vom 23. November 2011 in Luzern</subfield><subfield code="c">Ueli Kieser ... [et al.] (Hrsg.) ; mit Beitr. von Max B. Berger ... [et al.]</subfield></datafield><datafield ind1=" " ind2="1" tag="264"><subfield code="a">St. Gallen</subfield><subfield code="b">Institut für Rechtswissenschaft und Rechtspraxis</subfield><subfield code="c">2012</subfield></datafield><datafield ind1=" " ind2=" " tag="300"><subfield code="a">197 S.</subfield><subfield code="c">23 cm</subfield></datafield><datafield ind1=" " ind2=" " tag="336"><subfield code="b">txt</subfield><subfield code="2">rdacontent</subfield></datafield><datafield ind1=" " ind2=" " tag="337"><subfield code="b">n</subfield><subfield code="2">rdamedia</subfield></datafield><datafield ind1=" " ind2=" " tag="338"><subfield code="b">nc</subfield><subfield code="2">rdacarrier</subfield></datafield><datafield ind1="1" ind2=" " tag="490"><subfield code="a">Schriftenreihe des Instituts für Rechtswissenschaft und Rechtspraxis IRP-HSG</subfield><subfield code="v">Bd. 79</subfield></datafield><datafield ind1=" " ind2=" " tag="500"><subfield code="a">Teilweise ausgearbeitete Referate der Tagung zum Sozialversicherungsrecht 2011</subfield></datafield><datafield ind1=" " ind2="7" tag="650"><subfield code="a">Sécurité sociale</subfield><subfield code="0">(IDREF)027263177</subfield><subfield code="2">idref</subfield></datafield><datafield ind1=" " ind2="7" tag="650"><subfield code="a">Fiction juridique</subfield><subfield code="0">(IDREF)030187680</subfield><subfield code="2">idref</subfield></datafield><datafield ind1=" " ind2="7" tag="650"><subfield code="a">Évaluation</subfield><subfield code="0">(IDREF)027791513</subfield><subfield code="2">idref</subfield></datafield><datafield ind1=" " ind2="7" tag="650"><subfield code="a">Hypothèse</subfield><subfield code="0">(IDREF)027582418</subfield><subfield code="2">idref</subfield></datafield><datafield ind1=" " ind2="7" tag="650"><subfield code="a">Assurance invalidité</subfield><subfield code="0">(IDREF)028638328</subfield><subfield code="2">idref</subfield></datafield><datafield ind1=" " ind2="7" tag="650"><subfield code="a">Sozialversicherung</subfield><subfield code="9">ger</subfield><subfield code="0">(RERO)jurivoc000020527ger</subfield><subfield code="2">jurivoc</subfield></datafield><datafield ind1=" " ind2="7" tag="650"><subfield code="a">Fiktion</subfield><subfield code="9">ger</subfield><subfield code="0">(RERO)jurivoc000008320ger</subfield><subfield code="2">jurivoc</subfield></datafield><datafield ind1=" " ind2="7" tag="650"><subfield code="a">Ermessen</subfield><subfield code="9">ger</subfield><subfield code="0">(RERO)jurivoc000007295ger</subfield><subfield code="2">jurivoc</subfield></datafield><datafield ind1=" " ind2="7" tag="650"><subfield code="a">Vermutung</subfield><subfield code="9">ger</subfield><subfield code="0">(RERO)jurivoc000024775ger</subfield><subfield code="2">jurivoc</subfield></datafield><datafield ind1=" " ind2="7" tag="650"><subfield code="a">Invaliditätsbemessung</subfield><subfield code="9">ger</subfield><subfield code="0">(RERO)jurivoc000012052ger</subfield><subfield code="2">jurivoc</subfield></datafield><datafield ind1=" " ind2="7" tag="650"><subfield code="a">Zumutbarkeit</subfield><subfield code="9">ger</subfield><subfield code="0">(RERO)jurivoc000027341ger</subfield><subfield code="2">jurivoc</subfield></datafield><datafield ind1=" " ind2="7" tag="650"><subfield code="a">Hypothese</subfield><subfield code="0">(DE-588)4161152-4</subfield><subfield code="2">gnd</subfield></datafield><datafield ind1=" " ind2="7" tag="650"><subfield code="a">Sozialversicherungsrecht</subfield><subfield code="0">(DE-588)4116548-2</subfield><subfield code="2">gnd</subfield></datafield><datafield ind1=" " ind2="7" tag="650"><subfield code="a">Leistungspflicht</subfield><subfield code="0">(DE-588)4167296-3</subfield><subfield code="2">gnd</subfield></datafield><datafield ind1=" " ind2="7" tag="650"><subfield code="a">Finanzierung</subfield><subfield code="0">(DE-588)4017182-6</subfield><subfield code="2">gnd</subfield></datafield><datafield ind1=" " ind2="7" tag="651"><subfield code="a">Schweiz</subfield><subfield code="9">ger</subfield><subfield code="0">(RERO)jurivoc000019912ger</subfield><subfield code="2">jurivoc</subfield></datafield><datafield ind1=" " ind2="7" tag="651"><subfield code="a">Schweiz</subfield><subfield code="0">(DE-588)4053881-3</subfield><subfield code="2">gnd</subfield></datafield><datafield ind1=" " ind2="7" tag="651"><subfield code="a">Schweiz</subfield><subfield code="2">idszbz</subfield></datafield><datafield ind1=" " ind2="7" tag="655"><subfield code="a">Actes de congrès</subfield><subfield code="0">(IDREF)02886431X</subfield><subfield code="2">idref</subfield></datafield><datafield ind1=" " ind2="7" tag="655"><subfield code="a">Konferenzschrift</subfield><subfield code="z">Luzern</subfield><subfield code="y">2011</subfield><subfield code="2">gnd-content</subfield></datafield><datafield ind1=" " ind2="7" tag="655"><subfield code="a">Aufsatzsammlung</subfield><subfield code="2">idszbz</subfield></datafield><datafield ind1=" " ind2="7" tag="655"><subfield code="a">Konferenzschrift</subfield><subfield code="2">gnd-content</subfield></datafield><datafield ind1=" " ind2=" " tag="690"><subfield code="a">Sozialversicherungsrecht; Rechtsprechung; Hypothese; Gehalt Lohn; Lohn; Abgrenzung; Konstruktion; Leistung; Prinzip; Erwerbstätigkeit; Pferd; Anpassung; Bindung; Entwicklung; Tagung; Unternehmensziel; Rente; Verdienstausfall; Übersicht; Praxisbericht; Prognose; Dimensionierung; Kausalität; Korrelation; Stellung</subfield><subfield code="2">idssg-J</subfield></datafield><datafield ind1=" " ind2=" " tag="690"><subfield code="a">Haftpflichtrecht; AHV-Beitragsrecht; Leistungsrecht; Ergänzungsleistung; Lohnentwicklung; Invalideneinkommen; Fragestellung; Hans-Jakob; Inhaltsübersicht; Invaliditätsbemessung; Anwendungsfall; Grundsatzentscheidung; Nichterwerbstätigkeit; Rechtsmissbrauch; Rechtspraxis; Herzog-Zwitter; Lehrbeauftragter; Schlussfolgerunge; Sozialversicherungszweig; Systemgrenze; Vizedirektor</subfield><subfield code="2">idssg-J</subfield></datafield><datafield ind1=" " ind2=" " tag="690"><subfield code="a">ausgeglichener Arbeitsmarkt; berufliche Vorsorge; einzelner Sozialversicherungszweig; entgangenes Einkommen; hypothetische Lohnentwicklung; juristische Konstruktion; maßgebender Lohn; sozialversicherungsrechtliche Hypothese; sozialversicherungsrechtliches Leistungsrecht; steuerrechtliche Festlegung; unselbstständige Erwerbstätigkeit; versichertes Einkommen; wirtschaftliche Gegebenheit; wirtschaftliches Verhältnis; zumutbare Tätigkeit</subfield><subfield code="2">idssg-J</subfield></datafield><datafield ind1=" " ind2=" " tag="690"><subfield code="a">Schweiz C4EXSI</subfield><subfield code="2">idssg-J</subfield></datafield><datafield ind1=" " ind2=" " tag="690"><subfield code="a">Dr. Ueli Haefeli; Dr.iur. Isabelle Vetter-Schreiber; Dr.iur. Miriam Lendfers; Dr.iur. Miriam Lendfers Dr.iur. M.A. Hans-Jakob Mosimann Dr.iur. Isabelle Vetter-Schreiber; Dr.iur. Ueli Kieser; Hans-Jakob Mosimann Hypothesen Annahmen; Herzog-Zwitter Dr.iur. Ueli Kieser; Hypothese Massgebener Lohn; Inhaltsübersicht Ueli Kieser Massgebener Lohn; Jörg Guyan Prof. Dr. Ueli Haefeli Dr.iur. Iris Herzog-Zwitter Dr.iur. Ueli Kieser; Kieser Senn Rechtsanwälte; Max B. Berger Ausblick; November Luzern St. Gallen; Prof. Dr. Ueli Haefeli; Ueli Kieser Massgebener</subfield><subfield code="2">idssg-J</subfield></datafield><datafield ind1=" " ind2=" " tag="691"><subfield code="e">PC 57 CH</subfield><subfield code="2">rzs-L1</subfield></datafield><datafield ind1="1" ind2=" " tag="700"><subfield code="a">Kieser, Ueli</subfield><subfield code="d">1955-</subfield><subfield code="0">(DE-588)121190846</subfield><subfield code="6">880-02</subfield></datafield><datafield ind1="1" ind2=" " tag="880"><subfield code="6">700-02</subfield><subfield code="a">Kieser, Ueli</subfield><subfield code="d">1955-....</subfield><subfield code="0">(IDREF)238454916</subfield></datafield><datafield ind1="1" ind2=" " tag="700"><subfield code="a">Berger, Max B.</subfield><subfield code="d">1975-</subfield><subfield code="0">(DE-588)1168196310</subfield><subfield code="6">880-03</subfield></datafield><datafield ind1="1" ind2=" " tag="880"><subfield code="6">700-03</subfield><subfield code="a">Berger, Max B.</subfield><subfield code="d">1975-....</subfield><subfield code="0">(IDREF)256919992</subfield></datafield><datafield ind1="2" ind2=" " tag="710"><subfield code="a">Universität St. Gallen</subfield><subfield code="b">Institut für Rechtswissenschaft und Rechtspraxis</subfield><subfield code="0">(DE-588)10022858-6</subfield></datafield><datafield ind1="2" ind2=" " tag="710"><subfield code="a">Universität St. Gallen</subfield><subfield code="b">Institut für Rechtswissenschaft und Rechtspraxis</subfield><subfield code="b">Tagung</subfield><subfield code="0">(DE-588)1086565843</subfield></datafield><datafield ind1="2" ind2=" " tag="710"><subfield code="a">Institut für Rechtswissenschaft und Rechtspraxis (Sankt Gallen)</subfield><subfield code="b">Tagung</subfield><subfield code="d">2011</subfield><subfield code="c">Luzern</subfield><subfield code="0">(RERO)A021707068</subfield></datafield><datafield ind1="2" ind2=" " tag="711"><subfield code="a">Sozialversicherungsrechtstagung</subfield><subfield code="0">(DE-588)1091860092</subfield></datafield><datafield ind1="2" ind2=" " tag="810"><subfield code="a">Universität St. Gallen</subfield><subfield code="b">Institut für Rechtswissenschaft und Rechtspraxis</subfield><subfield code="t">Schriftenreihe des Instituts für Rechtswissenschaft und Rechtspraxis</subfield><subfield code="v">79</subfield><subfield code="w">(IDSBB)002295679DSV01</subfield></datafield><datafield ind1=" " ind2="0" tag="830"><subfield code="a">Schriftenreihe des Instituts für Rechtswissenschaft und Rechtspraxis</subfield><subfield code="v">79</subfield><subfield code="w">(RERO)R003051078-41slsp</subfield></datafield><datafield ind1=" " ind2="0" tag="830"><subfield code="a">Schriftenreihe des Instituts für Rechtswissenschaft und Rechtspraxis</subfield><subfield code="v">79</subfield><subfield code="w">(IDSSG)000232932HSB01</subfield></datafield><datafield ind1="4" ind2=" " tag="856"><subfield code="3">Titelblatt und Inhaltsverzeichnis</subfield><subfield code="u">https://toc.library.ethz.ch/objects/pdf/z16_978-3-906049-00-7_01.pdf</subfield><subfield code="q">pdf</subfield></datafield><datafield ind1=" " ind2=" " tag="900"><subfield code="a">IDSE5E51ANH-2012</subfield></datafield><datafield ind1=" " ind2=" " tag="900"><subfield code="a">IDSZ2rwimon201208p</subfield><subfield code="c">IDSZ2buche 120813</subfield><subfield code="d">IDSZ2rwiswk201208b</subfield><subfield code="e">IDSZ2cont</subfield></datafield><datafield ind1=" " ind2=" " tag="900"><subfield code="a">IDSZ2zbzmon201208l</subfield><subfield code="c">IDSZ2sima</subfield><subfield code="d">IDSZ2zbzswk201208b</subfield><subfield code="e">IDSZ2bruu</subfield></datafield><datafield ind1=" " ind2=" " tag="949"><subfield code="a">https://toc.library.ethz.ch/objects/pdf/z16_978-3-906049-00-7_01.pdf</subfield></datafield></record>
</metadata></record>