<record><header><identifier>oai:alma.41SLSP_UGE:991000101799705502</identifier><datestamp>2024-03-22T01:21:25Z</datestamp><setSpec>uge_bcen_RapidILL_BOOK</setSpec><setSpec>uge_aaca_RapidILL_BOOK</setSpec><setSpec>uge_abels_RapidILL_BOOK</setSpec><setSpec>uge_dbu_RapidILL_BOOK</setSpec><setSpec>uge_cmu_RapidILL_BOOK</setSpec><setSpec>uge_mail_RapidILL_BOOK</setSpec><setSpec>uge_abbat_RapidILL_BOOK</setSpec><setSpec>UNIGE_ALL</setSpec><setSpec>uge_aobs_RapidILL_BOOK</setSpec><setSpec>uge_acar_RapidILL_BOOK</setSpec></header><metadata>
<record xmlns="http://www.loc.gov/MARC21/slim" xmlns:xsi="http://www.w3.org/2001/XMLSchema-instance" xsi:schemaLocation="http://www.loc.gov/MARC21/slim http://www.loc.gov/standards/marcxml/schema/MARC21slim.xsd"><leader>01513nam a2200397 ca4500</leader><controlfield tag="001">991000101799705502</controlfield><controlfield tag="005">20240321233450.0</controlfield><controlfield tag="008">201022m19481954fr ||||| |||| 00| ||fre d</controlfield><datafield ind1=" " ind2=" " tag="019"><subfield code="a">Übergeordnete Aufnahme = Niveau supérieur = Livello superiore</subfield><subfield code="5">SLSP/2020</subfield></datafield><datafield ind1="7" ind2=" " tag="024"><subfield code="a">http://catalogue.bnf.fr/ark:/12148/cb399754227</subfield><subfield code="2">uri</subfield></datafield><datafield ind1=" " ind2=" " tag="035"><subfield code="a">(swissbib)252329902-41slsp_network</subfield></datafield><datafield ind1=" " ind2=" " tag="035"><subfield code="a">252329902</subfield><subfield code="9">ExL</subfield></datafield><datafield ind1=" " ind2=" " tag="035"><subfield code="a">(RERO)0877131-41slsp</subfield></datafield><datafield ind1=" " ind2=" " tag="035"><subfield code="a">(SBT)000258599SBT01</subfield></datafield><datafield ind1=" " ind2=" " tag="035"><subfield code="a">(EXLNZ-41SLSP_NETWORK)991028667149705501</subfield></datafield><datafield ind1=" " ind2=" " tag="040"><subfield code="a">RERO labcud</subfield><subfield code="d">CH-ZuSLS</subfield></datafield><datafield ind1="1" ind2=" " tag="041"><subfield code="a">fre</subfield><subfield code="h">heb</subfield><subfield code="h">grc</subfield></datafield><datafield ind1=" " ind2="7" tag="072"><subfield code="a">th</subfield><subfield code="2">rero</subfield></datafield><datafield ind1="1" ind2=" " tag="080"><subfield code="a">22.07SB-J</subfield></datafield><datafield ind1="1" ind2=" " tag="080"><subfield code="a">221.049</subfield></datafield><datafield ind1="0" ind2=" " tag="130"><subfield code="a">&lt;&lt;La&gt;&gt; sainte Bible</subfield><subfield code="p">Ed. du Cerf</subfield></datafield><datafield ind1="1" ind2="0" tag="245"><subfield code="a">&lt;&lt;La&gt;&gt; sainte Bible</subfield><subfield code="c">trad. en français sous la dir. de l'Ecole biblique de Jérusalem</subfield></datafield><datafield ind1="1" ind2=" " tag="246"><subfield code="a">Bible de Jérusalem</subfield></datafield><datafield ind1=" " ind2="1" tag="264"><subfield code="a">Paris</subfield><subfield code="b">Ed. du Cerf</subfield><subfield code="c">1948-[?]</subfield></datafield><datafield ind1=" " ind2=" " tag="300"><subfield code="a">43 fasc.</subfield><subfield code="c">20 cm</subfield></datafield><datafield ind1=" " ind2=" " tag="336"><subfield code="b">txt</subfield><subfield code="2">rdacontent</subfield></datafield><datafield ind1=" " ind2=" " tag="337"><subfield code="b">n</subfield><subfield code="2">rdamedia</subfield></datafield><datafield ind1=" " ind2=" " tag="338"><subfield code="b">nc</subfield><subfield code="2">rdacarrier</subfield></datafield><datafield ind1=" " ind2=" " tag="500"><subfield code="a">La première éd. de la &quot;Bible de Jérusalem&quot; est parue de 1948 à 1954</subfield></datafield><datafield ind1=" " ind2=" " tag="500"><subfield code="a">Certains vol. ont eu une 2e éd. (dès 1951) et une 3e éd. (dès 1958)</subfield></datafield><datafield ind1=" " ind2=" " tag="500"><subfield code="a">Prima edizione della Bibbia di Gerusalemme</subfield></datafield><datafield ind1=" " ind2=" " tag="691"><subfield code="e">220.541</subfield><subfield code="a">Bibbia. Versioni in francese</subfield><subfield code="2">usi-TE</subfield></datafield><datafield ind1="2" ind2=" " tag="710"><subfield code="a">Ecole biblique (Jérusalem)</subfield><subfield code="0">(RERO)A000055713</subfield><subfield code="6">880-02</subfield></datafield><datafield ind1="1" ind2=" " tag="880"><subfield code="6">710-02</subfield><subfield code="a">Ecole biblique (Jérusalem)</subfield><subfield code="0">(SBT11)000002851</subfield></datafield><datafield ind1="0" ind2=" " tag="730"><subfield code="a">Bibbia</subfield><subfield code="n">0</subfield><subfield code="p">VT e NT</subfield></datafield><datafield ind1="0" ind2=" " tag="730"><subfield code="a">Bible</subfield><subfield code="n">000</subfield><subfield code="p">A.T. et N.T</subfield><subfield code="l">Français</subfield></datafield><datafield ind1=" " ind2=" " tag="900"><subfield code="a">REROnoselfmerge</subfield></datafield></record>
</metadata></record>