<record><header><identifier>oai:alma.41SLSP_UGE:991000102319705502</identifier><datestamp>2023-03-01T01:10:19Z</datestamp><setSpec>uge_cmu_RapidILL_JOURNAL</setSpec><setSpec>uge_aobs_RapidILL_JOURNAL</setSpec><setSpec>uge_aaca_RapidILL_JOURNAL</setSpec><setSpec>uge_abbat_RapidILL_JOURNAL</setSpec><setSpec>uge_bcen_RapidILL_JOURNAL</setSpec><setSpec>uge_dbu_RapidILL_JOURNAL</setSpec><setSpec>uge_mail_RapidILL_JOURNAL</setSpec><setSpec>UNIGE_ALL</setSpec><setSpec>uge_abels_RapidILL_JOURNAL</setSpec><setSpec>uge_acar_RapidILL_JOURNAL</setSpec></header><metadata>
<record xmlns="http://www.loc.gov/MARC21/slim" xmlns:xsi="http://www.w3.org/2001/XMLSchema-instance" xsi:schemaLocation="http://www.loc.gov/MARC21/slim http://www.loc.gov/standards/marcxml/schema/MARC21slim.xsd"><leader>01001nas a2200301 c 4500</leader><controlfield tag="001">991000102319705502</controlfield><controlfield tag="005">20230119191252.0</controlfield><controlfield tag="008">960525d19411960fr || p|  ||| 0    0fre d</controlfield><datafield ind1=" " ind2=" " tag="022"><subfield code="a">0103-4863</subfield></datafield><datafield ind1=" " ind2=" " tag="035"><subfield code="a">(swissbib)079518974-41slsp_network</subfield></datafield><datafield ind1=" " ind2=" " tag="035"><subfield code="a">079518974</subfield><subfield code="9">ExL</subfield></datafield><datafield ind1=" " ind2=" " tag="035"><subfield code="a">(RERO)0528767-41slsp</subfield></datafield><datafield ind1=" " ind2=" " tag="035"><subfield code="a">(EXLNZ-41SLSP_NETWORK)991013676359705501</subfield></datafield><datafield ind1=" " ind2=" " tag="040"><subfield code="a">RERO</subfield><subfield code="d">CH-ZuSLS</subfield></datafield><datafield ind1=" " ind2="7" tag="072"><subfield code="a">ge</subfield><subfield code="2">rero</subfield></datafield><datafield ind1="0" ind2="0" tag="245"><subfield code="a">Revue de Savoie</subfield></datafield><datafield ind1=" " ind2="1" tag="264"><subfield code="a">Chambéry</subfield><subfield code="b">Dardel</subfield><subfield code="c">1941-1960</subfield></datafield><datafield ind1=" " ind2=" " tag="300"><subfield code="c">24 cm</subfield></datafield><datafield ind1=" " ind2=" " tag="310"><subfield code="a">Trimestriel</subfield></datafield><datafield ind1=" " ind2=" " tag="336"><subfield code="b">txt</subfield><subfield code="2">rdacontent</subfield></datafield><datafield ind1=" " ind2=" " tag="337"><subfield code="b">n</subfield><subfield code="2">rdamedia</subfield></datafield><datafield ind1=" " ind2=" " tag="338"><subfield code="b">nc</subfield><subfield code="2">rdacarrier</subfield></datafield><datafield ind1="0" ind2=" " tag="362"><subfield code="a">Année 1(1941) - 4(1944) ; 8(1954/55) - 13(1960)</subfield></datafield><datafield ind1=" " ind2=" " tag="580"><subfield code="a">De l'année 5(1945) à l'année 7(1947) porte le titre: Cahiers de Savoie</subfield></datafield><datafield ind1=" " ind2=" " tag="591"><subfield code="a">Bibliothèque d'art et d'archéologie (Genève)</subfield><subfield code="b">Exemplaire d'archives</subfield></datafield><datafield ind1=" " ind2="7" tag="651"><subfield code="a">Savoie (France)</subfield><subfield code="0">(IDREF)027417298</subfield><subfield code="2">idref</subfield></datafield><datafield ind1=" " ind2="7" tag="655"><subfield code="a">Périodiques</subfield><subfield code="0">(IDREF)02724640X</subfield><subfield code="2">idref</subfield></datafield><datafield ind1="0" ind2="0" tag="780"><subfield code="t">Cahiers de Savoie</subfield><subfield code="w">(RERO)1653668-41slsp</subfield></datafield><datafield ind1=" " ind2=" " tag="900"><subfield code="a">REROnoselfmerge</subfield></datafield></record>
</metadata></record>