<record><header><identifier>oai:alma.41SLSP_UGE:991000101809705502</identifier><datestamp>2023-03-03T01:08:36Z</datestamp><setSpec>uge_bcen_RapidILL_BOOK</setSpec><setSpec>uge_aaca_RapidILL_BOOK</setSpec><setSpec>uge_abels_RapidILL_BOOK</setSpec><setSpec>uge_dbu_RapidILL_BOOK</setSpec><setSpec>uge_cmu_RapidILL_BOOK</setSpec><setSpec>uge_mail_RapidILL_BOOK</setSpec><setSpec>uge_abbat_RapidILL_BOOK</setSpec><setSpec>UNIGE_ALL</setSpec><setSpec>uge_acar_RapidILL_BOOK</setSpec><setSpec>uge_aobs_RapidILL_BOOK</setSpec></header><metadata>
<record xmlns="http://www.loc.gov/MARC21/slim" xmlns:xsi="http://www.w3.org/2001/XMLSchema-instance" xsi:schemaLocation="http://www.loc.gov/MARC21/slim http://www.loc.gov/standards/marcxml/schema/MARC21slim.xsd"><leader>01497nam a2200433 c 4500</leader><controlfield tag="001">991000101809705502</controlfield><controlfield tag="005">20230302183530.0</controlfield><controlfield tag="008">201011s1984    sz ||||| |||| 00| ||fre d</controlfield><datafield ind1=" " ind2=" " tag="020"><subfield code="a">2881470092</subfield></datafield><datafield ind1=" " ind2=" " tag="035"><subfield code="a">(swissbib)223750301-41slsp_network</subfield></datafield><datafield ind1=" " ind2=" " tag="035"><subfield code="a">223750301</subfield><subfield code="9">ExL</subfield></datafield><datafield ind1=" " ind2=" " tag="035"><subfield code="a">(RERO)0548735-41slsp</subfield></datafield><datafield ind1=" " ind2=" " tag="035"><subfield code="a">(IDSBB)000942042DSV01</subfield></datafield><datafield ind1=" " ind2=" " tag="035"><subfield code="a">(EXLNZ-41SLSP_NETWORK)991149398109705501</subfield></datafield><datafield ind1=" " ind2=" " tag="040"><subfield code="a">RERO</subfield><subfield code="d">CH-ZuSLS</subfield></datafield><datafield ind1="1" ind2=" " tag="041"><subfield code="a">fre</subfield><subfield code="h">ita</subfield></datafield><datafield ind1=" " ind2=" " tag="044"><subfield code="a">sz</subfield><subfield code="c">ch-fr</subfield></datafield><datafield ind1=" " ind2="7" tag="072"><subfield code="a">ps</subfield><subfield code="2">rero</subfield></datafield><datafield ind1=" " ind2="7" tag="072"><subfield code="a">pe</subfield><subfield code="2">rero</subfield></datafield><datafield ind1=" " ind2="7" tag="072"><subfield code="a">ps</subfield><subfield code="2">SzZuIDS BS/BE</subfield></datafield><datafield ind1=" " ind2="7" tag="072"><subfield code="a">pa</subfield><subfield code="2">SzZuIDS BS/BE</subfield></datafield><datafield ind1="1" ind2=" " tag="080"><subfield code="a">159.928</subfield></datafield><datafield ind1="1" ind2="4" tag="082"><subfield code="a">150</subfield><subfield code="2">15</subfield></datafield><datafield ind1="1" ind2="4" tag="082"><subfield code="a">370</subfield><subfield code="2">15</subfield></datafield><datafield ind1="1" ind2=" " tag="100"><subfield code="a">Palmonari, Augusto</subfield><subfield code="d">1935-....</subfield><subfield code="0">(IDREF)033818223</subfield><subfield code="4">cre</subfield></datafield><datafield ind1="1" ind2="0" tag="245"><subfield code="a">Notes sur l'adolescence</subfield><subfield code="c">Augusto Palmonari ; trad. de la version originale en langue italienne par Claude Béguin et Marie-Anne Brauer ; ill. de Francesco Tonucci</subfield></datafield><datafield ind1=" " ind2="1" tag="264"><subfield code="a">Cousset</subfield><subfield code="b">Delval</subfield><subfield code="c">1984</subfield></datafield><datafield ind1=" " ind2=" " tag="300"><subfield code="a">77 p.</subfield><subfield code="b">ill.</subfield><subfield code="c">21 cm</subfield></datafield><datafield ind1=" " ind2=" " tag="336"><subfield code="b">txt</subfield><subfield code="2">rdacontent</subfield></datafield><datafield ind1=" " ind2=" " tag="337"><subfield code="b">n</subfield><subfield code="2">rdamedia</subfield></datafield><datafield ind1=" " ind2=" " tag="338"><subfield code="b">nc</subfield><subfield code="2">rdacarrier</subfield></datafield><datafield ind1="1" ind2=" " tag="490"><subfield code="a">Dossiers de psychologie</subfield><subfield code="v">[no 22]</subfield></datafield><datafield ind1=" " ind2="7" tag="650"><subfield code="a">Adolescence</subfield><subfield code="0">(IDREF)027488055</subfield><subfield code="2">idref</subfield></datafield><datafield ind1=" " ind2="7" tag="650"><subfield code="a">Adolescents</subfield><subfield code="0">(IDREF)027276228</subfield><subfield code="2">idref</subfield></datafield><datafield ind1="1" ind2=" " tag="700"><subfield code="a">Béguin, Claude</subfield><subfield code="0">(IDREF)029353602</subfield></datafield><datafield ind1="1" ind2=" " tag="700"><subfield code="a">Brauer, Marie-Anne</subfield><subfield code="0">(RERO)A003039009</subfield></datafield><datafield ind1="1" ind2=" " tag="700"><subfield code="a">Tonucci, Francesco</subfield><subfield code="d">1941-....</subfield><subfield code="0">(IDREF)034524738</subfield></datafield><datafield ind1="4" ind2="1" tag="856"><subfield code="3">Texte intégral</subfield><subfield code="u">http://doc.rero.ch/record/6302?ln=fr</subfield></datafield><datafield ind1=" " ind2=" " tag="830"><subfield code="a">Dossiers de psychologie</subfield><subfield code="v">22</subfield><subfield code="w">(RERO)0547811-41slsp</subfield></datafield><datafield ind1=" " ind2=" " tag="900"><subfield code="a">REROnoselfmerge</subfield></datafield></record>
</metadata></record>