<record><header><identifier>oai:alma.41SLSP_UGE:991000102429705502</identifier><datestamp>2023-03-01T01:10:19Z</datestamp><setSpec>uge_bcen_RapidILL_BOOK</setSpec><setSpec>uge_aaca_RapidILL_BOOK</setSpec><setSpec>uge_abels_RapidILL_BOOK</setSpec><setSpec>uge_dbu_RapidILL_BOOK</setSpec><setSpec>uge_cmu_RapidILL_BOOK</setSpec><setSpec>uge_mail_RapidILL_BOOK</setSpec><setSpec>UNIGE_ALL</setSpec><setSpec>uge_abbat_RapidILL_BOOK</setSpec><setSpec>uge_aobs_RapidILL_BOOK</setSpec><setSpec>uge_acar_RapidILL_BOOK</setSpec></header><metadata>
<record xmlns="http://www.loc.gov/MARC21/slim" xmlns:xsi="http://www.w3.org/2001/XMLSchema-instance" xsi:schemaLocation="http://www.loc.gov/MARC21/slim http://www.loc.gov/standards/marcxml/schema/MARC21slim.xsd"><leader>03408nam a2200877 c 4500</leader><controlfield tag="001">991000102429705502</controlfield><controlfield tag="005">20230221211139.0</controlfield><controlfield tag="008">201011t20092009xxu           00| | eng|d</controlfield><datafield ind1=" " ind2=" " tag="010"><subfield code="a">2008053041</subfield></datafield><datafield ind1=" " ind2=" " tag="015"><subfield code="a">GBA969184</subfield><subfield code="2">bnb</subfield></datafield><datafield ind1="7" ind2=" " tag="016"><subfield code="a">B3052-001020</subfield><subfield code="2">SzZuIDS</subfield></datafield><datafield ind1=" " ind2=" " tag="019"><subfield code="a">Rubin, Miri (1956-)</subfield></datafield><datafield ind1=" " ind2=" " tag="020"><subfield code="a">9780691090580</subfield><subfield code="q">hbk.</subfield><subfield code="c">No price</subfield></datafield><datafield ind1=" " ind2=" " tag="020"><subfield code="a">9780691090597</subfield><subfield code="q">pbk.</subfield><subfield code="c">£12.95</subfield></datafield><datafield ind1=" " ind2=" " tag="035"><subfield code="a">(swissbib)221679014-41slsp_network</subfield></datafield><datafield ind1=" " ind2=" " tag="035"><subfield code="a">221679014</subfield><subfield code="9">ExL</subfield></datafield><datafield ind1=" " ind2=" " tag="035"><subfield code="a">(IDSBB)004973467DSV01</subfield></datafield><datafield ind1=" " ind2=" " tag="035"><subfield code="a">(NEBIS)005727763EBI01</subfield></datafield><datafield ind1=" " ind2=" " tag="035"><subfield code="a">(RERO)R005187828-41slsp</subfield></datafield><datafield ind1=" " ind2=" " tag="035"><subfield code="a">(EXLNZ-41SLSP_NETWORK)991129674249705501</subfield></datafield><datafield ind1=" " ind2=" " tag="040"><subfield code="a">StDuBDS</subfield><subfield code="e">kids</subfield><subfield code="d">CH-ZuSLS</subfield></datafield><datafield ind1=" " ind2=" " tag="050"><subfield code="a">BR253</subfield><subfield code="b">.M36 2009</subfield></datafield><datafield ind1=" " ind2="7" tag="072"><subfield code="a">th</subfield><subfield code="2">SzZuIDS BS/BE</subfield></datafield><datafield ind1=" " ind2="7" tag="072"><subfield code="a">vk</subfield><subfield code="2">SzZuIDS BS/BE</subfield></datafield><datafield ind1=" " ind2="7" tag="072"><subfield code="a">th</subfield><subfield code="2">rero</subfield></datafield><datafield ind1=" " ind2="7" tag="072"><subfield code="a">hm</subfield><subfield code="2">rero</subfield></datafield><datafield ind1="0" ind2="4" tag="082"><subfield code="a">270.3</subfield><subfield code="2">22</subfield></datafield><datafield ind1="0" ind2="4" tag="082"><subfield code="a">170</subfield></datafield><datafield ind1="1" ind2="4" tag="082"><subfield code="a">390</subfield><subfield code="2">15</subfield></datafield><datafield ind1=" " ind2=" " tag="084"><subfield code="a">BO 4260</subfield><subfield code="2">rvk</subfield></datafield><datafield ind1="0" ind2="0" tag="245"><subfield code="a">Medieval Christianity in practice</subfield><subfield code="c">ed. by Miri Rubin</subfield></datafield><datafield ind1=" " ind2="1" tag="264"><subfield code="a">Princeton, N.J.</subfield><subfield code="b">Princeton University Press</subfield><subfield code="c">2009</subfield></datafield><datafield ind1=" " ind2="4" tag="264"><subfield code="c">©2009</subfield></datafield><datafield ind1=" " ind2=" " tag="300"><subfield code="a">XVI, 346 p.</subfield><subfield code="b">ill.</subfield></datafield><datafield ind1=" " ind2=" " tag="336"><subfield code="b">txt</subfield><subfield code="2">rdacontent</subfield></datafield><datafield ind1=" " ind2=" " tag="337"><subfield code="b">n</subfield><subfield code="2">rdamedia</subfield></datafield><datafield ind1=" " ind2=" " tag="338"><subfield code="b">nc</subfield><subfield code="2">rdacarrier</subfield></datafield><datafield ind1="1" ind2=" " tag="490"><subfield code="a">Princeton readings in religions</subfield></datafield><datafield ind1=" " ind2=" " tag="504"><subfield code="a">Includes bibliographical references and index</subfield></datafield><datafield ind1=" " ind2="7" tag="648"><subfield code="a">Geschichte 600-1500</subfield><subfield code="2">gnd</subfield></datafield><datafield ind1=" " ind2="7" tag="648"><subfield code="a">Geschichte 500-1000</subfield><subfield code="2">idszbz</subfield></datafield><datafield ind1=" " ind2="7" tag="648"><subfield code="a">Geschichte 1000-1500</subfield><subfield code="2">idszbz</subfield></datafield><datafield ind1=" " ind2="7" tag="648"><subfield code="a">Geschichte 500-1500</subfield><subfield code="2">idszbz</subfield></datafield><datafield ind1=" " ind2="7" tag="650"><subfield code="a">Christliches Brauchtum</subfield><subfield code="z">Europa</subfield><subfield code="y">Geschichte Mittelalter</subfield><subfield code="2">idsbb</subfield></datafield><datafield ind1=" " ind2="7" tag="650"><subfield code="a">Sitte und Brauch</subfield><subfield code="z">Europa</subfield><subfield code="y">Geschichte Mittelalter</subfield><subfield code="2">idsbb</subfield></datafield><datafield ind1=" " ind2="7" tag="650"><subfield code="a">Religiosität</subfield><subfield code="z">Europa</subfield><subfield code="y">Geschichte Mittelalter</subfield><subfield code="2">idsbb</subfield></datafield><datafield ind1=" " ind2="7" tag="650"><subfield code="a">Kult</subfield><subfield code="x">Christentum</subfield><subfield code="z">Europa</subfield><subfield code="y">Geschichte Mittelalter</subfield><subfield code="2">idsbb</subfield></datafield><datafield ind1=" " ind2="7" tag="650"><subfield code="a">Christentum</subfield><subfield code="x">Kult</subfield><subfield code="z">Europa</subfield><subfield code="y">Geschichte Mittelalter</subfield><subfield code="2">idsbb</subfield></datafield><datafield ind1=" " ind2="7" tag="650"><subfield code="a">Religiöses Leben</subfield><subfield code="0">(DE-588)4115741-2</subfield><subfield code="2">gnd</subfield></datafield><datafield ind1=" " ind2="0" tag="650"><subfield code="a">Christian life</subfield><subfield code="y">History</subfield><subfield code="y">Middle Ages, 600-1500</subfield><subfield code="v">Sources</subfield></datafield><datafield ind1=" " ind2="7" tag="650"><subfield code="a">Kirche</subfield><subfield code="0">(DE-588)4030702-5</subfield><subfield code="2">gnd</subfield></datafield><datafield ind1=" " ind2="7" tag="650"><subfield code="a">Kirchengeschichte</subfield><subfield code="0">(DE-588)4030720-7</subfield><subfield code="2">gnd</subfield></datafield><datafield ind1=" " ind2="7" tag="650"><subfield code="a">Christentum</subfield><subfield code="0">(DE-588)4010074-1</subfield><subfield code="2">gnd</subfield></datafield><datafield ind1=" " ind2="7" tag="650"><subfield code="a">Sakrament</subfield><subfield code="0">(DE-588)4051342-7</subfield><subfield code="2">gnd</subfield></datafield><datafield ind1=" " ind2="7" tag="650"><subfield code="a">Volksfrömmigkeit</subfield><subfield code="0">(DE-588)4121880-2</subfield><subfield code="2">gnd</subfield></datafield><datafield ind1=" " ind2="7" tag="650"><subfield code="a">Wertphilosophie</subfield><subfield code="0">(DE-588)4079189-0</subfield><subfield code="2">gnd</subfield></datafield><datafield ind1=" " ind2="7" tag="650"><subfield code="a">Christliche Existenz</subfield><subfield code="2">idszbz</subfield></datafield><datafield ind1=" " ind2="7" tag="650"><subfield code="a">Kirchliches Leben</subfield><subfield code="2">idszbz</subfield></datafield><datafield ind1=" " ind2="7" tag="650"><subfield code="a">Heiligenverehrung</subfield><subfield code="0">(DE-588)4024052-6</subfield><subfield code="2">gnd</subfield></datafield><datafield ind1=" " ind2="0" tag="650"><subfield code="a">Christian life</subfield><subfield code="x">History</subfield><subfield code="y">Middle Ages, 600-1500</subfield><subfield code="v">Sources</subfield></datafield><datafield ind1=" " ind2="0" tag="650"><subfield code="a">Life</subfield></datafield><datafield ind1=" " ind2="0" tag="650"><subfield code="a">Values</subfield></datafield><datafield ind1=" " ind2="7" tag="650"><subfield code="a">Christianisme</subfield><subfield code="0">(IDREF)027229955</subfield><subfield code="2">idref</subfield></datafield><datafield ind1=" " ind2="7" tag="650"><subfield code="a">Vie religieuse</subfield><subfield code="0">(IDREF)027612708</subfield><subfield code="2">idref</subfield></datafield><datafield ind1=" " ind2="7" tag="650"><subfield code="a">Moyen âge</subfield><subfield code="0">(IDREF)027329917</subfield><subfield code="2">idref</subfield></datafield><datafield ind1=" " ind2="0" tag="651"><subfield code="a">Europe</subfield><subfield code="x">Religious life and customs</subfield><subfield code="v">Sources</subfield></datafield><datafield ind1=" " ind2="7" tag="651"><subfield code="a">Europa</subfield><subfield code="0">(DE-588)4015701-5</subfield><subfield code="2">gnd</subfield></datafield><datafield ind1=" " ind2="7" tag="655"><subfield code="a">Quelle</subfield><subfield code="2">gnd-content</subfield></datafield><datafield ind1=" " ind2="7" tag="655"><subfield code="a">Quelle</subfield><subfield code="2">idszbz</subfield></datafield><datafield ind1=" " ind2="7" tag="655"><subfield code="a">[document]</subfield><subfield code="2">rerovoc</subfield><subfield code="0">(RERO)A010182398</subfield></datafield><datafield ind1="1" ind2=" " tag="700"><subfield code="a">Rubin, Miri</subfield><subfield code="d">1956-</subfield><subfield code="0">(DE-588)138761671</subfield><subfield code="6">880-02</subfield></datafield><datafield ind1="1" ind2=" " tag="880"><subfield code="6">700-02</subfield><subfield code="a">Rubin, Miri</subfield><subfield code="d">1956-....</subfield><subfield code="0">(IDREF)029014662</subfield><subfield code="4">edt</subfield></datafield><datafield ind1="4" ind2=" " tag="856"><subfield code="3">Titelblatt und Inhaltsverzeichnis</subfield><subfield code="u">https://toc.library.ethz.ch/objects/pdf/z01_978-0-691-09058-0_01.pdf</subfield><subfield code="q">pdf</subfield></datafield><datafield ind1=" " ind2=" " tag="830"><subfield code="a">Princeton readings in religions</subfield><subfield code="w">(IDSBB)001142466DSV01</subfield></datafield><datafield ind1=" " ind2=" " tag="900"><subfield code="a">IDSZ2zbzmon200909f</subfield><subfield code="c">IDSZ2baeh</subfield><subfield code="d">IDSZ2zbzswk200909b</subfield><subfield code="e">IDSZ2haag</subfield></datafield><datafield ind1=" " ind2=" " tag="900"><subfield code="a">REROnoselfmerge</subfield></datafield><datafield ind1=" " ind2=" " tag="949"><subfield code="a">https://toc.library.ethz.ch/objects/pdf/z01_978-0-691-09058-0_01.pdf</subfield></datafield></record>
</metadata></record>