<record><header><identifier>oai:alma.41SLSP_UGE:991000101909705502</identifier><datestamp>2023-03-01T01:10:19Z</datestamp><setSpec>uge_bcen_RapidILL_BOOK</setSpec><setSpec>uge_aaca_RapidILL_BOOK</setSpec><setSpec>uge_abels_RapidILL_BOOK</setSpec><setSpec>uge_dbu_RapidILL_BOOK</setSpec><setSpec>uge_cmu_RapidILL_BOOK</setSpec><setSpec>uge_mail_RapidILL_BOOK</setSpec><setSpec>UNIGE_ALL</setSpec><setSpec>uge_abbat_RapidILL_BOOK</setSpec><setSpec>uge_acar_RapidILL_BOOK</setSpec><setSpec>uge_aobs_RapidILL_BOOK</setSpec></header><metadata>
<record xmlns="http://www.loc.gov/MARC21/slim" xmlns:xsi="http://www.w3.org/2001/XMLSchema-instance" xsi:schemaLocation="http://www.loc.gov/MARC21/slim http://www.loc.gov/standards/marcxml/schema/MARC21slim.xsd"><leader>01615nam a22004572c 4500</leader><controlfield tag="001">991000101909705502</controlfield><controlfield tag="005">20230224184102.0</controlfield><controlfield tag="008">140707s2014    xxc||||| |||| 00| ||fre d</controlfield><datafield ind1=" " ind2=" " tag="020"><subfield code="a">9782765045335</subfield></datafield><datafield ind1=" " ind2=" " tag="035"><subfield code="a">(swissbib)120078848-41slsp_network</subfield></datafield><datafield ind1=" " ind2=" " tag="035"><subfield code="a">120078848</subfield><subfield code="9">ExL</subfield></datafield><datafield ind1=" " ind2=" " tag="035"><subfield code="a">(RERO)R007792889-41slsp</subfield></datafield><datafield ind1=" " ind2=" " tag="035"><subfield code="a">(EXLNZ-41SLSP_NETWORK)991092896159705501</subfield></datafield><datafield ind1=" " ind2=" " tag="040"><subfield code="a">LVB</subfield><subfield code="d">CH-ZuSLS</subfield></datafield><datafield ind1="1" ind2=" " tag="041"><subfield code="a">fre</subfield><subfield code="h">eng</subfield></datafield><datafield ind1="1" ind2="4" tag="050"><subfield code="a">LB1525.7 T113 2014 F</subfield></datafield><datafield ind1=" " ind2="7" tag="072"><subfield code="a">pe</subfield><subfield code="2">rero</subfield></datafield><datafield ind1="0" ind2="4" tag="082"><subfield code="a">372.47</subfield><subfield code="2">23</subfield></datafield><datafield ind1="1" ind2=" " tag="100"><subfield code="a">Taberski, Sharon</subfield><subfield code="0">(RERO)A024816441</subfield><subfield code="4">cre</subfield></datafield><datafield ind1="1" ind2="0" tag="245"><subfield code="a">Pratiques efficaces pour enseigner la lecture</subfield><subfield code="b">développer la comprehension des jeunes lecteurs : 5 à 9 ans</subfield><subfield code="c">Sharon Taberski ; adapt. Yves Nadon ; trad. Joanne Goulet-Giroux</subfield></datafield><datafield ind1=" " ind2="1" tag="264"><subfield code="a">Montréal</subfield><subfield code="b">Chenelière éducation</subfield><subfield code="c">2014</subfield></datafield><datafield ind1=" " ind2=" " tag="300"><subfield code="a">268 p.</subfield><subfield code="b">ill.</subfield></datafield><datafield ind1=" " ind2=" " tag="336"><subfield code="b">txt</subfield><subfield code="2">rdacontent</subfield></datafield><datafield ind1=" " ind2=" " tag="337"><subfield code="b">n</subfield><subfield code="2">rdamedia</subfield></datafield><datafield ind1=" " ind2=" " tag="338"><subfield code="b">nc</subfield><subfield code="2">rdacarrier</subfield></datafield><datafield ind1=" " ind2=" " tag="385"><subfield code="a">Harmos1</subfield><subfield code="2">rero</subfield></datafield><datafield ind1=" " ind2=" " tag="385"><subfield code="a">Harmos2</subfield><subfield code="2">rero</subfield></datafield><datafield ind1=" " ind2=" " tag="385"><subfield code="a">Harmos3</subfield><subfield code="2">rero</subfield></datafield><datafield ind1=" " ind2=" " tag="385"><subfield code="a">Harmos4</subfield><subfield code="2">rero</subfield></datafield><datafield ind1=" " ind2=" " tag="385"><subfield code="a">Harmos5</subfield><subfield code="2">rero</subfield></datafield><datafield ind1=" " ind2=" " tag="385"><subfield code="a">Harmos6</subfield><subfield code="2">rero</subfield></datafield><datafield ind1="0" ind2=" " tag="490"><subfield code="a">Didactique. Langue et communication</subfield></datafield><datafield ind1=" " ind2=" " tag="500"><subfield code="a">Trad. de : Comprehension from the ground up</subfield></datafield><datafield ind1=" " ind2=" " tag="504"><subfield code="a">Bibliographie: p. 263-268</subfield></datafield><datafield ind1=" " ind2="7" tag="650"><subfield code="a">Étude et enseignement (primaire)</subfield><subfield code="0">(IDREF)027790649</subfield><subfield code="2">idref</subfield></datafield><datafield ind1=" " ind2="7" tag="650"><subfield code="a">Lecture</subfield><subfield code="0">(IDREF)027662594</subfield><subfield code="2">idref</subfield></datafield><datafield ind1=" " ind2="7" tag="650"><subfield code="a">Compréhension</subfield><subfield code="0">(IDREF)027454827</subfield><subfield code="2">idref</subfield></datafield><datafield ind1=" " ind2="7" tag="650"><subfield code="a">Pédagogie</subfield><subfield code="0">(IDREF)027246159</subfield><subfield code="2">idref</subfield></datafield><datafield ind1="1" ind2=" " tag="700"><subfield code="a">Nadon, Yves</subfield><subfield code="0">(IDREF)127688609</subfield></datafield><datafield ind1="1" ind2=" " tag="700"><subfield code="a">Goulet-Giroux, Joanne</subfield><subfield code="0">(IDREF)161918573</subfield></datafield><datafield ind1=" " ind2=" " tag="900"><subfield code="a">REROnoselfmerge</subfield></datafield><datafield ind1=" " ind2=" " tag="910"><subfield code="a">OCoLC</subfield><subfield code="b">20140707</subfield><subfield code="c">Droits réservés</subfield></datafield></record>
</metadata></record>