<record><header><identifier>oai:alma.41SLSP_UGE:991000102549705502</identifier><datestamp>2024-04-11T00:25:44Z</datestamp><setSpec>uge_bcen_RapidILL_BOOK</setSpec><setSpec>uge_aaca_RapidILL_BOOK</setSpec><setSpec>uge_abels_RapidILL_BOOK</setSpec><setSpec>uge_dbu_RapidILL_BOOK</setSpec><setSpec>uge_cmu_RapidILL_BOOK</setSpec><setSpec>uge_mail_RapidILL_BOOK</setSpec><setSpec>uge_abbat_RapidILL_BOOK</setSpec><setSpec>UNIGE_ALL</setSpec><setSpec>uge_aobs_RapidILL_BOOK</setSpec><setSpec>uge_acar_RapidILL_BOOK</setSpec></header><metadata>
<record xmlns="http://www.loc.gov/MARC21/slim" xmlns:xsi="http://www.w3.org/2001/XMLSchema-instance" xsi:schemaLocation="http://www.loc.gov/MARC21/slim http://www.loc.gov/standards/marcxml/schema/MARC21slim.xsd"><leader>04747nam a2200781 c 4500</leader><controlfield tag="001">991000102549705502</controlfield><controlfield tag="005">20240410143402.0</controlfield><controlfield tag="008">201011s2013    gw            00| | ger|d</controlfield><datafield ind1=" " ind2=" " tag="015"><subfield code="a">10,N49</subfield><subfield code="2">dnb</subfield></datafield><datafield ind1=" " ind2=" " tag="020"><subfield code="a">9783452275127</subfield></datafield><datafield ind1=" " ind2=" " tag="020"><subfield code="a">3452275124</subfield></datafield><datafield ind1=" " ind2=" " tag="035"><subfield code="a">(swissbib)21751006X-41slsp_network</subfield></datafield><datafield ind1=" " ind2=" " tag="035"><subfield code="a">21751006X</subfield><subfield code="9">ExL</subfield></datafield><datafield ind1=" " ind2=" " tag="035"><subfield code="a">(IDSBB)006137013DSV01</subfield></datafield><datafield ind1=" " ind2=" " tag="035"><subfield code="a">(RERO)R008130613-41slsp</subfield></datafield><datafield ind1=" " ind2=" " tag="035"><subfield code="a">(NEBIS)006427265EBI01</subfield></datafield><datafield ind1=" " ind2=" " tag="035"><subfield code="a">(IDSSG)000559631HSB01</subfield></datafield><datafield ind1=" " ind2=" " tag="035"><subfield code="a">(OCoLC)698581500</subfield></datafield><datafield ind1=" " ind2=" " tag="035"><subfield code="a">(EXLNZ-41SLSP_NETWORK)991139859539705501</subfield></datafield><datafield ind1=" " ind2=" " tag="040"><subfield code="a">DEBSZ</subfield><subfield code="e">kids</subfield><subfield code="d">CH-ZuSLS</subfield></datafield><datafield ind1=" " ind2="7" tag="072"><subfield code="a">rw</subfield><subfield code="2">SzZuIDS BS/BE</subfield></datafield><datafield ind1=" " ind2="7" tag="072"><subfield code="a">dr</subfield><subfield code="2">rero</subfield></datafield><datafield ind1="0" ind2="4" tag="082"><subfield code="a">346.048</subfield><subfield code="2">22</subfield></datafield><datafield ind1="0" ind2="4" tag="082"><subfield code="a">340</subfield></datafield><datafield ind1="1" ind2="4" tag="082"><subfield code="a">340</subfield><subfield code="2">15</subfield></datafield><datafield ind1=" " ind2=" " tag="084"><subfield code="a">PR 2352</subfield><subfield code="2">rvk</subfield></datafield><datafield ind1=" " ind2=" " tag="084"><subfield code="a">PS 3800</subfield><subfield code="2">rvk</subfield></datafield><datafield ind1=" " ind2=" " tag="084"><subfield code="a">PU 1547</subfield><subfield code="2">rvk</subfield></datafield><datafield ind1=" " ind2=" " tag="084"><subfield code="a">D 30 b</subfield><subfield code="2">cjurrom</subfield></datafield><datafield ind1="0" ind2="0" tag="245"><subfield code="a">TRIPs</subfield><subfield code="b">internationales und europäisches Recht des geistigen Eigentums : Kommentar</subfield><subfield code="c">hrsg. von Jan Busche ... [et al.] ; [Bearbeiter: Barbara Anzellotti ... et al.]</subfield></datafield><datafield ind1="1" ind2="0" tag="246"><subfield code="a">Internationales und europäisches Recht des geistigen Eigentums</subfield></datafield><datafield ind1=" " ind2=" " tag="250"><subfield code="a">2. Auflage</subfield></datafield><datafield ind1=" " ind2="1" tag="264"><subfield code="a">Köln</subfield><subfield code="b">Heymanns</subfield><subfield code="c">2013</subfield></datafield><datafield ind1=" " ind2=" " tag="300"><subfield code="a">XXV, 924 S.</subfield></datafield><datafield ind1=" " ind2=" " tag="336"><subfield code="b">txt</subfield><subfield code="2">rdacontent</subfield></datafield><datafield ind1=" " ind2=" " tag="337"><subfield code="b">n</subfield><subfield code="2">rdamedia</subfield></datafield><datafield ind1=" " ind2=" " tag="338"><subfield code="b">nc</subfield><subfield code="2">rdacarrier</subfield></datafield><datafield ind1="0" ind2=" " tag="490"><subfield code="a">Heymanns Kommentare</subfield></datafield><datafield ind1=" " ind2=" " tag="500"><subfield code="a">Enthält das TRIPs-Übereinkommen der Welthandelsorganisation (WTO)</subfield></datafield><datafield ind1=" " ind2=" " tag="500"><subfield code="a">Verfasser gemäss Einband: Busche,Stoll, Wiebe</subfield></datafield><datafield ind1="2" ind2="7" tag="610"><subfield code="a">World Trade Organization</subfield><subfield code="0">(DE-588)2145784-0</subfield><subfield code="2">gnd</subfield></datafield><datafield ind1="2" ind2="7" tag="611"><subfield code="a">Accord sur les aspects des droits de propriété intellectuelle qui touchent au commerce</subfield><subfield code="d">1994</subfield><subfield code="0">(RERO)A010171477</subfield><subfield code="2">rero</subfield></datafield><datafield ind1="0" ind2="7" tag="630"><subfield code="a">Übereinkommen über handelsbezogene Aspekte der Rechte an geistigem Eigentum</subfield><subfield code="f">1994 April 15</subfield><subfield code="0">(DE-588)4450013-0</subfield><subfield code="2">gnd</subfield></datafield><datafield ind1="0" ind2="7" tag="630"><subfield code="a">Übereinkommen über handelsbezogene Aspekte der Rechte an geistigem Eigentum</subfield><subfield code="f">1994 April 15</subfield><subfield code="2">gnd</subfield><subfield code="0">(DE-588)4450013-0</subfield></datafield><datafield ind1=" " ind2="7" tag="650"><subfield code="a">Propriété intellectuelle (droit international)</subfield><subfield code="0">(IDREF)02747979X</subfield><subfield code="2">idref</subfield></datafield><datafield ind1=" " ind2="7" tag="650"><subfield code="a">Immaterialgüterrecht</subfield><subfield code="0">(DE-588)4026596-1</subfield><subfield code="2">gnd</subfield></datafield><datafield ind1=" " ind2="7" tag="650"><subfield code="a">Geistiges Eigentum</subfield><subfield code="0">(DE-588)4136832-0</subfield><subfield code="2">gnd</subfield></datafield><datafield ind1=" " ind2="7" tag="650"><subfield code="a">Internationales Recht</subfield><subfield code="0">(DE-588)4027447-0</subfield><subfield code="2">gnd</subfield></datafield><datafield ind1=" " ind2="7" tag="650"><subfield code="a">AUFSATZSAMMLUNGEN (DOKUMENTENTYP)</subfield><subfield code="9">ger</subfield><subfield code="0">(ETHUDK)000009249</subfield><subfield code="2">ethudk</subfield></datafield><datafield ind1=" " ind2="7" tag="650"><subfield code="a">INDUSTRIELLES EIGENTUMS-, PATENT-, MARKENRECHT (SPEZIELLE RECHTSZWEIGE)</subfield><subfield code="9">ger</subfield><subfield code="0">(ETHUDK)000011487</subfield><subfield code="2">ethudk</subfield></datafield><datafield ind1=" " ind2="7" tag="655"><subfield code="a">Quelle</subfield><subfield code="2">gnd-content</subfield></datafield><datafield ind1=" " ind2="7" tag="655"><subfield code="a">Commentaire de texte</subfield><subfield code="0">(IDREF)27790681</subfield><subfield code="2">idref</subfield></datafield><datafield ind1=" " ind2="7" tag="655"><subfield code="a">Kommentar</subfield><subfield code="2">gnd-content</subfield></datafield><datafield ind1=" " ind2=" " tag="690"><subfield code="a">Artikel; gewerblicher Rechtsschutz; Urheberrecht; Wirtschaftsrecht; Informationsrecht; Umweltrecht; Völkerrecht; Übereinkunft; Gegenstand</subfield><subfield code="2">idssg-J</subfield></datafield><datafield ind1=" " ind2=" " tag="690"><subfield code="a">Georgaugustuniversität; Vermietrecht; Widerrufnichtigerklärung; Heinrichheineuniversität; Inländerbehandlung; Sendeunternehmen; Tonaufnahme; Mitgliedstaat; Patentanmelder; PeterTobias; Rechtsinhaber; Schutzdauer; Schutzrechter; Schutzvoraussetzung</subfield><subfield code="2">idssg-J</subfield></datafield><datafield ind1=" " ind2=" " tag="690"><subfield code="a">allgemeine Bestimmung; allgemeines Grundprinzip; ausübender Künstler; berner Übereinkunft; geistiges Eigentum; geografische Angabe; gewerbliches Modell; gewerbliches Muster; internationaler Schutz; internationales Umweltrecht; internationale Verhandlung; internationales Wirtschaftsrecht; mangelnde Produktionskapazität; mehrseitige Übereinkunft; patentfähiger Gegenstand; sonstige Benutzung; sonstiges Erfordernis; zusätzlicher Schutz</subfield><subfield code="2">idssg-J</subfield></datafield><datafield ind1=" " ind2=" " tag="690"><subfield code="a">Deutschland C4EUGE; Nordrhein-Westfalen C4EUGE</subfield><subfield code="2">idssg-J</subfield></datafield><datafield ind1=" " ind2=" " tag="690"><subfield code="a">Andrea Wiebe; Auflage Carl Heymanns Vorwort; Eigentum Kommentar TRIPs; Europarecht Abteilung Internationales Wirtschaftsrecht; Georgaugustuniversität Göttingen Institut; gewerblich Rechtsschutz Lehrstuhl; gewerblich Rechtsschutz Prof. Dr. PeterTobias Stoll; international Verhandlungen Ausnahmen; Künstler Herstellern; Prof. Dr. Jan Busche HeinrichHeineUniversität Düsseldorf; Teil Allgemeine Bestimmungen; Umweltrecht Prof. Dr. Andreas Wiebe GeorgAugustUniversität</subfield><subfield code="2">idssg-J</subfield></datafield><datafield ind1="1" ind2=" " tag="700"><subfield code="a">Anzellotti, Barbara</subfield></datafield><datafield ind1="1" ind2=" " tag="700"><subfield code="a">Busche, Jan</subfield><subfield code="d">1961-</subfield><subfield code="0">(DE-588)121395995</subfield><subfield code="6">880-03</subfield></datafield><datafield ind1="1" ind2=" " tag="880"><subfield code="6">700-03</subfield><subfield code="a">Busche, Jan</subfield><subfield code="d">1961-....</subfield><subfield code="0">(IDREF)138905800</subfield></datafield><datafield ind1="2" ind2=" " tag="710"><subfield code="a">World Trade Organization</subfield><subfield code="0">(DE-588)2145784-0</subfield></datafield><datafield ind1="4" ind2=" " tag="856"><subfield code="3">Titelblatt und Inhaltsverzeichnis</subfield><subfield code="u">https://toc.library.ethz.ch/objects/pdf03/z16_978-3-452-27512-7_01.pdf</subfield><subfield code="q">pdf</subfield></datafield><datafield ind1=" " ind2=" " tag="900"><subfield code="a">REROnoselfmerge</subfield></datafield><datafield ind1=" " ind2=" " tag="900"><subfield code="a">IDSZ2rwimon201309f</subfield><subfield code="c">IDSZ2rosi 130917</subfield><subfield code="d">IDSZ2rwiswk201310b</subfield><subfield code="e">IDSZ2sust</subfield></datafield><datafield ind1=" " ind2=" " tag="900"><subfield code="a">IDSZ2zbzmon201311l</subfield><subfield code="c">IDSZ2beer</subfield><subfield code="d">IDSZ2zbzswk201312b</subfield><subfield code="e">IDSZ2bruu</subfield></datafield><datafield ind1=" " ind2=" " tag="900"><subfield code="a">IDSE5E51ANH-2014</subfield></datafield><datafield ind1=" " ind2=" " tag="911"><subfield code="a">700</subfield><subfield code="a">Busche, Jan</subfield><subfield code="d">1961-</subfield></datafield><datafield ind1=" " ind2=" " tag="949"><subfield code="a">https://toc.library.ethz.ch/objects/pdf03/z16_978-3-452-27512-7_01.pdf</subfield></datafield></record>
</metadata></record>