<record><header><identifier>oai:alma.41SLSP_UGE:991000102759705502</identifier><datestamp>2023-03-01T01:10:20Z</datestamp><setSpec>UNIGE_ALL</setSpec></header><metadata>
<record xmlns="http://www.loc.gov/MARC21/slim" xmlns:xsi="http://www.w3.org/2001/XMLSchema-instance" xsi:schemaLocation="http://www.loc.gov/MARC21/slim http://www.loc.gov/standards/marcxml/schema/MARC21slim.xsd"><leader>01248njm a22003257c 4500</leader><controlfield tag="001">991000102759705502</controlfield><controlfield tag="005">20211107200932.0</controlfield><controlfield tag="007">sd b||||||||||</controlfield><controlfield tag="008">110122s1984    xx ||n |            eng d</controlfield><datafield ind1="0" ind2="2" tag="028"><subfield code="a">Decca 6.42947 AZ</subfield></datafield><datafield ind1=" " ind2=" " tag="035"><subfield code="a">(swissbib)113569785-41slsp_network</subfield></datafield><datafield ind1=" " ind2=" " tag="035"><subfield code="a">113569785</subfield><subfield code="9">ExL</subfield></datafield><datafield ind1=" " ind2=" " tag="035"><subfield code="a">(RERO)R006022406-41slsp</subfield></datafield><datafield ind1=" " ind2=" " tag="035"><subfield code="a">(EXLNZ-41SLSP_NETWORK)991090252239705501</subfield></datafield><datafield ind1=" " ind2=" " tag="040"><subfield code="a">RERO geulmu</subfield><subfield code="d">CH-ZuSLS</subfield></datafield><datafield ind1="0" ind2=" " tag="041"><subfield code="a">ger</subfield><subfield code="a">eng</subfield><subfield code="a">fre</subfield></datafield><datafield ind1=" " ind2="7" tag="072"><subfield code="a">mu</subfield><subfield code="2">rero</subfield></datafield><datafield ind1="1" ind2=" " tag="100"><subfield code="a">Rahmaninov, Sergej Vasilʹevič</subfield><subfield code="d">1873-1943</subfield><subfield code="0">(IDREF)028906624</subfield><subfield code="4">cre</subfield></datafield><datafield ind1="1" ind2="0" tag="245"><subfield code="a">&lt;&lt;The&gt;&gt; Isle of the Dead op. 29</subfield><subfield code="b">= l'île des morts = die Toteninsel, symphonic dances op. 45 = danses symphoniques = Sinfonische Tänze</subfield><subfield code="c">Sergei Rachmaninov</subfield></datafield><datafield ind1=" " ind2="1" tag="264"><subfield code="a">[Lieu de publication non identifié]</subfield><subfield code="b">[éditeur non identifié]</subfield><subfield code="c">1984</subfield></datafield><datafield ind1=" " ind2=" " tag="300"><subfield code="a">1 disque sonore</subfield><subfield code="b">33 t.</subfield></datafield><datafield ind1=" " ind2=" " tag="336"><subfield code="b">prm</subfield><subfield code="2">rdacontent</subfield></datafield><datafield ind1=" " ind2=" " tag="337"><subfield code="b">s</subfield><subfield code="2">rdamedia</subfield></datafield><datafield ind1=" " ind2=" " tag="338"><subfield code="b">sd</subfield><subfield code="2">rdacarrier</subfield></datafield><datafield ind1=" " ind2=" " tag="500"><subfield code="a">Enregistrement: 1983</subfield></datafield><datafield ind1=" " ind2=" " tag="500"><subfield code="a">Formation: orchestre symphonique</subfield></datafield><datafield ind1=" " ind2=" " tag="500"><subfield code="a">Opus: 45 ; 29</subfield></datafield><datafield ind1="0" ind2=" " tag="505"><subfield code="a">[Symphonic dances. Orchestre. Op. 45] ; [The isle of the Dead. Orchestre. Op. 29]</subfield></datafield><datafield ind1="1" ind2=" " tag="700"><subfield code="a">Ashkenazy, Vladimir</subfield><subfield code="d">1937-....</subfield><subfield code="0">(IDREF)02895114X</subfield></datafield><datafield ind1="2" ind2=" " tag="710"><subfield code="a">Concertgebouworkest</subfield><subfield code="g">Amsterdam</subfield><subfield code="0">(IDREF)066755980</subfield></datafield><datafield ind1=" " ind2=" " tag="900"><subfield code="a">REROnoselfmerge</subfield></datafield><datafield ind1=" " ind2=" " tag="960"><subfield code="2">matmu</subfield><subfield code="a">Russie ; XIXe-XXe ; Danses symphoniques</subfield><subfield code="9">LOCAL</subfield></datafield></record>
</metadata></record>