<record><header><identifier>oai:alma.41SLSP_UGE:991000102339705502</identifier><datestamp>2024-10-05T00:08:06Z</datestamp><setSpec>uge_cmu_RapidILL_JOURNAL</setSpec><setSpec>uge_aobs_RapidILL_JOURNAL</setSpec><setSpec>uge_aaca_RapidILL_JOURNAL</setSpec><setSpec>uge_bcen_RapidILL_JOURNAL</setSpec><setSpec>uge_abbat_RapidILL_JOURNAL</setSpec><setSpec>uge_dbu_RapidILL_JOURNAL</setSpec><setSpec>uge_mail_RapidILL_JOURNAL</setSpec><setSpec>uge_abels_RapidILL_JOURNAL</setSpec><setSpec>UNIGE_ALL</setSpec><setSpec>uge_acar_RapidILL_JOURNAL</setSpec></header><metadata>
<record xmlns="http://www.loc.gov/MARC21/slim" xmlns:xsi="http://www.w3.org/2001/XMLSchema-instance" xsi:schemaLocation="http://www.loc.gov/MARC21/slim http://www.loc.gov/standards/marcxml/schema/MARC21slim.xsd"><leader>01458nas a2200433 c 4500</leader><controlfield tag="001">991000102339705502</controlfield><controlfield tag="005">20241004184846.0</controlfield><controlfield tag="008">201011c20019999ne  | p       0    |eng  </controlfield><datafield ind1="7" ind2=" " tag="016"><subfield code="a">2043785-7</subfield><subfield code="2">ZDB</subfield></datafield><datafield ind1=" " ind2=" " tag="022"><subfield code="l">1567-5769</subfield></datafield><datafield ind1=" " ind2=" " tag="022"><subfield code="a">1567-5769</subfield></datafield><datafield ind1=" " ind2=" " tag="035"><subfield code="a">(swissbib)216841607-41slsp_network</subfield></datafield><datafield ind1=" " ind2=" " tag="035"><subfield code="a">216841607</subfield><subfield code="9">ExL</subfield></datafield><datafield ind1=" " ind2=" " tag="035"><subfield code="a">(NEBIS)004142020EBI01</subfield></datafield><datafield ind1=" " ind2=" " tag="035"><subfield code="a">(RERO)R004405895-41slsp</subfield></datafield><datafield ind1=" " ind2=" " tag="035"><subfield code="a">(EXLNZ-41SLSP_NETWORK)991034176909705501</subfield></datafield><datafield ind1=" " ind2=" " tag="040"><subfield code="a">SzZuIDS NEBIS ETH-BIB</subfield><subfield code="b">ger</subfield><subfield code="e">rda</subfield><subfield code="d">CH-ZuSLS</subfield></datafield><datafield ind1=" " ind2="7" tag="072"><subfield code="a">me</subfield><subfield code="2">rero</subfield></datafield><datafield ind1="1" ind2="0" tag="210"><subfield code="a">Int Immunopharmacol</subfield></datafield><datafield ind1="0" ind2="0" tag="245"><subfield code="a">International immunopharmacology</subfield></datafield><datafield ind1=" " ind2="1" tag="264"><subfield code="a">Amsterdam</subfield><subfield code="b">Elsevier</subfield><subfield code="c">2001-</subfield></datafield><datafield ind1=" " ind2=" " tag="300"><subfield code="a">Bände</subfield></datafield><datafield ind1=" " ind2=" " tag="310"><subfield code="a">Monatlich</subfield></datafield><datafield ind1=" " ind2=" " tag="336"><subfield code="b">txt</subfield><subfield code="2">rdacontent</subfield></datafield><datafield ind1=" " ind2=" " tag="337"><subfield code="b">n</subfield><subfield code="2">rdamedia</subfield></datafield><datafield ind1=" " ind2=" " tag="338"><subfield code="b">nc</subfield><subfield code="2">rdacarrier</subfield></datafield><datafield ind1="0" ind2=" " tag="362"><subfield code="a">Vol. 1, no. 1 (Jan. 2001)-</subfield></datafield><datafield ind1=" " ind2=" " tag="580"><subfield code="a">Formed by the union of: Immunopharmacology, and: International journal of immunopharmacology</subfield></datafield><datafield ind1=" " ind2="7" tag="650"><subfield code="a">IMMUNPHARMAKOLOGIE + IMMUNTHERAPIE + IMMUNPROPHYLAXE + IMMUNOLOGISCHE PRÄPARATE</subfield><subfield code="9">ger</subfield><subfield code="0">(ETHUDK)000026787</subfield><subfield code="2">ethudk</subfield></datafield><datafield ind1=" " ind2="2" tag="650"><subfield code="a">Allergy and Immunology</subfield></datafield><datafield ind1=" " ind2="2" tag="650"><subfield code="a">Cytokines</subfield></datafield><datafield ind1=" " ind2="2" tag="650"><subfield code="a">Immunity</subfield><subfield code="x">drug effects</subfield></datafield><datafield ind1=" " ind2="2" tag="650"><subfield code="a">Immunotherapy</subfield></datafield><datafield ind1=" " ind2="2" tag="650"><subfield code="a">Pharmacology</subfield></datafield><datafield ind1=" " ind2="7" tag="655"><subfield code="a">Zeitschrift</subfield><subfield code="2">gnd-content</subfield></datafield><datafield ind1=" " ind2="2" tag="655"><subfield code="a">Periodical</subfield></datafield><datafield ind1="0" ind2="0" tag="780"><subfield code="t">Immunopharmacology</subfield><subfield code="w">(NEBIS)000005156EBI01</subfield></datafield><datafield ind1="0" ind2="0" tag="780"><subfield code="t">International journal of immunopharmacology</subfield><subfield code="w">(NEBIS)001476083EBI01</subfield></datafield><datafield ind1=" " ind2=" " tag="900"><subfield code="a">NEBISnoselfmerge</subfield></datafield><datafield ind1=" " ind2=" " tag="900"><subfield code="a">REROnoselfmerge</subfield></datafield></record>
</metadata></record>