<record><header><identifier>oai:alma.41SLSP_UGE:991000101819705502</identifier><datestamp>2023-06-27T00:14:21Z</datestamp><setSpec>uge_bcen_RapidILL_BOOK</setSpec><setSpec>uge_aaca_RapidILL_BOOK</setSpec><setSpec>uge_abels_RapidILL_BOOK</setSpec><setSpec>uge_dbu_RapidILL_BOOK</setSpec><setSpec>uge_cmu_RapidILL_BOOK</setSpec><setSpec>uge_mail_RapidILL_BOOK</setSpec><setSpec>uge_abbat_RapidILL_BOOK</setSpec><setSpec>UNIGE_ALL</setSpec><setSpec>uge_aobs_RapidILL_BOOK</setSpec><setSpec>uge_acar_RapidILL_BOOK</setSpec></header><metadata>
<record xmlns="http://www.loc.gov/MARC21/slim" xmlns:xsi="http://www.w3.org/2001/XMLSchema-instance" xsi:schemaLocation="http://www.loc.gov/MARC21/slim http://www.loc.gov/standards/marcxml/schema/MARC21slim.xsd"><leader>02368nam a2200493 c 4500</leader><controlfield tag="001">991000101819705502</controlfield><controlfield tag="005">20230625135653.0</controlfield><controlfield tag="008">201011s1957    gw ||||| |||| 00| ||ger||</controlfield><datafield ind1=" " ind2=" " tag="035"><subfield code="a">(swissbib)227892909-41slsp_network</subfield></datafield><datafield ind1=" " ind2=" " tag="035"><subfield code="a">227892909</subfield><subfield code="9">ExL</subfield></datafield><datafield ind1=" " ind2=" " tag="035"><subfield code="a">(RERO)0350953-41slsp</subfield></datafield><datafield ind1=" " ind2=" " tag="035"><subfield code="a">(IDSBB)000270251DSV01</subfield></datafield><datafield ind1=" " ind2=" " tag="035"><subfield code="a">(NEBIS)006276684EBI01</subfield></datafield><datafield ind1=" " ind2=" " tag="035"><subfield code="a">(EXLNZ-41SLSP_NETWORK)991119480129705501</subfield></datafield><datafield ind1=" " ind2=" " tag="040"><subfield code="a">RERO</subfield><subfield code="b">ger</subfield><subfield code="e">rda</subfield><subfield code="d">CH-ZuSLS UZB ULING</subfield></datafield><datafield ind1="0" ind2=" " tag="041"><subfield code="a">ger</subfield><subfield code="a">grc</subfield></datafield><datafield ind1=" " ind2="7" tag="072"><subfield code="a">gr</subfield><subfield code="2">rero</subfield></datafield><datafield ind1=" " ind2="7" tag="072"><subfield code="a">kp</subfield><subfield code="2">SzZuIDS BS/BE</subfield></datafield><datafield ind1="1" ind2=" " tag="080"><subfield code="a">807.5(03)</subfield></datafield><datafield ind1=" " ind2=" " tag="084"><subfield code="a">AX 15100</subfield><subfield code="2">rvk</subfield></datafield><datafield ind1=" " ind2=" " tag="084"><subfield code="a">AX 15110</subfield><subfield code="2">rvk</subfield></datafield><datafield ind1=" " ind2=" " tag="084"><subfield code="a">FC 2591</subfield><subfield code="2">rvk</subfield></datafield><datafield ind1="1" ind2=" " tag="100"><subfield code="a">Hansen, Bernhard</subfield><subfield code="0">(RERO)A003346389</subfield><subfield code="4">cre</subfield></datafield><datafield ind1="1" ind2="0" tag="245"><subfield code="a">Rückläufiges Wörterbuch der griechischen Eigennamen</subfield><subfield code="c">Bernhard Hansen ; unter Leitung [von] Franz Dornseiff</subfield></datafield><datafield ind1=" " ind2="1" tag="264"><subfield code="a">Berlin</subfield><subfield code="b">Akademie-Verlag</subfield><subfield code="c">1957</subfield></datafield><datafield ind1=" " ind2=" " tag="300"><subfield code="a">320 Seiten</subfield><subfield code="c">22 cm</subfield></datafield><datafield ind1=" " ind2=" " tag="336"><subfield code="b">txt</subfield><subfield code="2">rdacontent</subfield></datafield><datafield ind1=" " ind2=" " tag="337"><subfield code="b">n</subfield><subfield code="2">rdamedia</subfield></datafield><datafield ind1=" " ind2=" " tag="338"><subfield code="b">nc</subfield><subfield code="2">rdacarrier</subfield></datafield><datafield ind1="1" ind2=" " tag="490"><subfield code="a">Berichte über die Verhandlungen der Sächsischen Akademie der Wissenschaften zu Leipzig. Philologisch-historische Klasse</subfield><subfield code="v">Bd. 102, H. 4</subfield></datafield><datafield ind1=" " ind2="7" tag="650"><subfield code="a">Noms de personnes</subfield><subfield code="0">(IDREF)027243672</subfield><subfield code="2">idref</subfield></datafield><datafield ind1=" " ind2="7" tag="650"><subfield code="a">Grec (langue)</subfield><subfield code="0">(IDREF)027228363</subfield><subfield code="2">idref</subfield></datafield><datafield ind1=" " ind2="7" tag="650"><subfield code="a">Namen</subfield><subfield code="z">griechische</subfield><subfield code="v">Wörterbuch, rückläufiges</subfield><subfield code="2">idsbb</subfield></datafield><datafield ind1=" " ind2="7" tag="650"><subfield code="a">Name</subfield><subfield code="0">(DE-588)4127959-1</subfield><subfield code="2">gnd</subfield></datafield><datafield ind1=" " ind2="7" tag="651"><subfield code="a">Griechenland</subfield><subfield code="g">Altertum</subfield><subfield code="0">(DE-588)4093976-5</subfield><subfield code="2">gnd</subfield></datafield><datafield ind1=" " ind2="7" tag="655"><subfield code="a">Dictionnaires</subfield><subfield code="2">idref</subfield><subfield code="0">(IDREF)027232050</subfield></datafield><datafield ind1=" " ind2="7" tag="655"><subfield code="a">Rückläufiges Wörterbuch</subfield><subfield code="2">gnd-content</subfield></datafield><datafield ind1=" " ind2=" " tag="690"><subfield code="a">Griechische Namen / Enzyklopädien, Lexika</subfield><subfield code="2">uzb-Z9</subfield></datafield><datafield ind1=" " ind2=" " tag="690"><subfield code="a">Griechische Sprache / Wörterbücher / Spezialwörterbücher</subfield><subfield code="2">uzb-Z9</subfield></datafield><datafield ind1="1" ind2=" " tag="700"><subfield code="a">Dornseiff, Franz</subfield><subfield code="d">1888-1960</subfield><subfield code="6">880-02</subfield><subfield code="0">(DE-588)118680463</subfield><subfield code="4">aut</subfield></datafield><datafield ind1="1" ind2=" " tag="880"><subfield code="6">700-02</subfield><subfield code="a">Dornseiff, Franz</subfield><subfield code="d">1888-1960</subfield><subfield code="0">(IDREF)033716579</subfield></datafield><datafield ind1=" " ind2="0" tag="830"><subfield code="a">Berichte über die Verhandlungen der Sächsischen Akademie der Wissenschaften zu Leipzig</subfield><subfield code="p">Philologisch-historische Klasse</subfield><subfield code="v">102/4</subfield><subfield code="w">(NEBIS)000987372EBI01</subfield></datafield><datafield ind1=" " ind2="0" tag="830"><subfield code="a">Berichte über die Verhandlungen der Sächsischen Akademie der Wissenschaften</subfield><subfield code="p">Philologisch-historische Klasse</subfield><subfield code="v">102/4</subfield><subfield code="w">(IDSBB)000390697DSV01</subfield></datafield><datafield ind1=" " ind2="0" tag="830"><subfield code="a">Berichte über die Verhandlungen der Sächsischen Akademie der Wissenschaften zu Leipzig, Philologish-historische Klasse</subfield><subfield code="v">102,4</subfield><subfield code="w">(RERO)0112515-41slsp</subfield></datafield><datafield ind1=" " ind2=" " tag="900"><subfield code="a">IDSZRMedeaZBZ</subfield></datafield></record>
</metadata></record>