<record><header><identifier>oai:alma.41SLSP_UGE:991000102139705502</identifier><datestamp>2023-05-27T00:13:50Z</datestamp><setSpec>uge_bcen_RapidILL_BOOK</setSpec><setSpec>uge_aaca_RapidILL_BOOK</setSpec><setSpec>uge_abels_RapidILL_BOOK</setSpec><setSpec>uge_dbu_RapidILL_BOOK</setSpec><setSpec>uge_cmu_RapidILL_BOOK</setSpec><setSpec>uge_mail_RapidILL_BOOK</setSpec><setSpec>uge_abbat_RapidILL_BOOK</setSpec><setSpec>UNIGE_ALL</setSpec><setSpec>uge_aobs_RapidILL_BOOK</setSpec><setSpec>uge_acar_RapidILL_BOOK</setSpec></header><metadata>
<record xmlns="http://www.loc.gov/MARC21/slim" xmlns:xsi="http://www.w3.org/2001/XMLSchema-instance" xsi:schemaLocation="http://www.loc.gov/MARC21/slim http://www.loc.gov/standards/marcxml/schema/MARC21slim.xsd"><leader>01430nam a2200397 c 4500</leader><controlfield tag="001">991000102139705502</controlfield><controlfield tag="005">20230407122137.0</controlfield><controlfield tag="008">201012s1970    gw ||||| |||| 00| ||ger d</controlfield><datafield ind1=" " ind2=" " tag="019"><subfield code="a">SPI Retro 757713</subfield></datafield><datafield ind1=" " ind2=" " tag="035"><subfield code="a">(swissbib)242576974-41slsp_network</subfield></datafield><datafield ind1=" " ind2=" " tag="035"><subfield code="a">242576974</subfield><subfield code="9">ExL</subfield></datafield><datafield ind1=" " ind2=" " tag="035"><subfield code="a">(RERO)0043895-41slsp</subfield></datafield><datafield ind1=" " ind2=" " tag="035"><subfield code="a">(IDSBB)003608079DSV01</subfield></datafield><datafield ind1=" " ind2=" " tag="035"><subfield code="a">(NEBIS)000705868EBI01</subfield></datafield><datafield ind1=" " ind2=" " tag="035"><subfield code="a">(EXLNZ-41SLSP_NETWORK)991000935279705501</subfield></datafield><datafield ind1=" " ind2=" " tag="040"><subfield code="a">RERO</subfield><subfield code="d">CH-ZuSLS</subfield></datafield><datafield ind1="1" ind2=" " tag="041"><subfield code="a">ger</subfield><subfield code="h">eng</subfield></datafield><datafield ind1=" " ind2="7" tag="072"><subfield code="a">ar</subfield><subfield code="2">rero</subfield></datafield><datafield ind1="1" ind2=" " tag="080"><subfield code="a">902.2</subfield></datafield><datafield ind1="1" ind2=" " tag="100"><subfield code="a">Scollar, Irwin</subfield><subfield code="d">1928-2021</subfield><subfield code="0">(DE-588)1058222066</subfield><subfield code="6">880-01</subfield></datafield><datafield ind1="1" ind2=" " tag="880"><subfield code="6">100-01</subfield><subfield code="a">Scollar, Irwin</subfield><subfield code="0">(IDREF)069610827</subfield><subfield code="4">cre</subfield></datafield><datafield ind1="1" ind2="0" tag="245"><subfield code="a">Einführung in neue Methoden der archäologischen Prospektion</subfield><subfield code="c">Irwin Scollar ; [aus dem Englischen uebersetzt von H.J. Appel und C.B. Rueger]</subfield></datafield><datafield ind1=" " ind2="1" tag="264"><subfield code="a">Düsseldorf</subfield><subfield code="b">Rheinland-Verlag</subfield><subfield code="c">1970</subfield></datafield><datafield ind1=" " ind2=" " tag="300"><subfield code="a">27 p., 24 f. de pl.</subfield><subfield code="b">ill.</subfield><subfield code="c">21 cm</subfield></datafield><datafield ind1=" " ind2=" " tag="336"><subfield code="b">txt</subfield><subfield code="2">rdacontent</subfield></datafield><datafield ind1=" " ind2=" " tag="337"><subfield code="b">n</subfield><subfield code="2">rdamedia</subfield></datafield><datafield ind1=" " ind2=" " tag="338"><subfield code="b">nc</subfield><subfield code="2">rdacarrier</subfield></datafield><datafield ind1="1" ind2=" " tag="490"><subfield code="a">Kunst und Altertum am Rhein</subfield><subfield code="v">22</subfield></datafield><datafield ind1=" " ind2="7" tag="650"><subfield code="a">Prospection archéologique</subfield><subfield code="0">(IDREF)02743155X</subfield><subfield code="2">idref</subfield></datafield><datafield ind1=" " ind2="4" tag="650"><subfield code="a">Archäologische Prospektion</subfield></datafield><datafield ind1=" " ind2="4" tag="650"><subfield code="a">Luftbildarchäologie</subfield></datafield><datafield ind1="1" ind2=" " tag="700"><subfield code="a">Appel, H.J</subfield><subfield code="0">(RERO)A002934195</subfield></datafield><datafield ind1=" " ind2="0" tag="830"><subfield code="a">Kunst und Altertum am Rhein</subfield><subfield code="v">22</subfield><subfield code="w">(RERO)0024117-41slsp</subfield></datafield><datafield ind1=" " ind2="0" tag="830"><subfield code="a">Kunst und Altertum am Rhein</subfield><subfield code="v">22</subfield><subfield code="w">(IDSBB)000016689DSV01</subfield></datafield><datafield ind1=" " ind2=" " tag="900"><subfield code="a">REROnoselfmerge</subfield></datafield><datafield ind1=" " ind2=" " tag="900"><subfield code="a">IDSE1N25</subfield></datafield><datafield ind1=" " ind2=" " tag="900"><subfield code="a">IDSERSPIdummy</subfield></datafield></record>
</metadata></record>