<record><header><identifier>oai:alma.41SLSP_UGE:991000102659705502</identifier><datestamp>2024-04-11T00:16:52Z</datestamp><setSpec>uge_bcen_RapidILL_BOOK</setSpec><setSpec>uge_aaca_RapidILL_BOOK</setSpec><setSpec>uge_abels_RapidILL_BOOK</setSpec><setSpec>uge_dbu_RapidILL_BOOK</setSpec><setSpec>uge_cmu_RapidILL_BOOK</setSpec><setSpec>uge_mail_RapidILL_BOOK</setSpec><setSpec>uge_abbat_RapidILL_BOOK</setSpec><setSpec>UNIGE_ALL</setSpec><setSpec>uge_aobs_RapidILL_BOOK</setSpec><setSpec>uge_acar_RapidILL_BOOK</setSpec></header><metadata>
<record xmlns="http://www.loc.gov/MARC21/slim" xmlns:xsi="http://www.w3.org/2001/XMLSchema-instance" xsi:schemaLocation="http://www.loc.gov/MARC21/slim http://www.loc.gov/standards/marcxml/schema/MARC21slim.xsd"><leader>12984nam a2201093 c 4500</leader><controlfield tag="001">991000102659705502</controlfield><controlfield tag="005">20240410143701.0</controlfield><controlfield tag="008">201012s1999    sz ||||| |||| 00| ||ger d</controlfield><datafield ind1=" " ind2=" " tag="015"><subfield code="a">GFR-CIP-99,N47</subfield><subfield code="a">DNB-99,N47,0221</subfield></datafield><datafield ind1="7" ind2=" " tag="016"><subfield code="a">957738234</subfield><subfield code="2">GyFmDB</subfield></datafield><datafield ind1=" " ind2=" " tag="020"><subfield code="a">3719018482</subfield><subfield code="c">kart. : DM 101.00, S 740.00, sfr 84.00</subfield></datafield><datafield ind1=" " ind2=" " tag="035"><subfield code="a">(swissbib)233326375-41slsp_network</subfield></datafield><datafield ind1=" " ind2=" " tag="035"><subfield code="a">233326375</subfield><subfield code="9">ExL</subfield></datafield><datafield ind1=" " ind2=" " tag="035"><subfield code="a">(RERO)R263490560-41slsp</subfield></datafield><datafield ind1=" " ind2=" " tag="035"><subfield code="a">(NEBIS)003893110EBI01</subfield></datafield><datafield ind1=" " ind2=" " tag="035"><subfield code="a">(IDSSG)000216726HSB01</subfield></datafield><datafield ind1=" " ind2=" " tag="035"><subfield code="a">(IDSLU)000184663ILU01</subfield></datafield><datafield ind1=" " ind2=" " tag="035"><subfield code="a">(IDSBB)002022216DSV01</subfield></datafield><datafield ind1=" " ind2=" " tag="035"><subfield code="a">(ALEX)bv80047669</subfield></datafield><datafield ind1=" " ind2=" " tag="035"><subfield code="a">(EXLNZ-41SLSP_NETWORK)991155854989705501</subfield></datafield><datafield ind1=" " ind2=" " tag="040"><subfield code="a">RERO frbcuc</subfield><subfield code="d">CH-ZuSLS</subfield></datafield><datafield ind1="0" ind2=" " tag="041"><subfield code="a">ger</subfield><subfield code="a">fre</subfield><subfield code="a">eng</subfield></datafield><datafield ind1=" " ind2=" " tag="044"><subfield code="a">sz</subfield><subfield code="c">ch-bs</subfield><subfield code="a">sz</subfield><subfield code="c">ch-ge</subfield></datafield><datafield ind1=" " ind2="7" tag="072"><subfield code="a">dr</subfield><subfield code="2">rero</subfield></datafield><datafield ind1=" " ind2="7" tag="072"><subfield code="a">810</subfield><subfield code="2">IDS LU</subfield></datafield><datafield ind1=" " ind2="7" tag="072"><subfield code="a">rw</subfield><subfield code="2">SzZuIDS BS/BE</subfield></datafield><datafield ind1="0" ind2="0" tag="082"><subfield code="a">341.4/81</subfield><subfield code="2">21</subfield></datafield><datafield ind1="1" ind2="4" tag="082"><subfield code="a">340</subfield><subfield code="2">15</subfield></datafield><datafield ind1=" " ind2=" " tag="084"><subfield code="a">D 18.2 h</subfield><subfield code="2">cjurrom</subfield></datafield><datafield ind1=" " ind2=" " tag="084"><subfield code="a">PS 4080</subfield><subfield code="2">rvk</subfield></datafield><datafield ind1=" " ind2=" " tag="084"><subfield code="a">PS 4100</subfield><subfield code="2">rvk</subfield></datafield><datafield ind1="1" ind2=" " tag="100"><subfield code="a">Frank, Daniel</subfield><subfield code="c">Dr. en droit</subfield><subfield code="0">(RERO)A012461180</subfield><subfield code="4">cre</subfield></datafield><datafield ind1="1" ind2="0" tag="245"><subfield code="a">Verantwortlichkeit für die Verletzung der Europäischen Menschenrechtskonvention durch internationale Organisationen</subfield><subfield code="b">unter besonderer Berücksichtigung der Verantwortlichkeit der EG, EU und von Europol</subfield><subfield code="c">Daniel Frank</subfield></datafield><datafield ind1=" " ind2="1" tag="264"><subfield code="a">Basel</subfield><subfield code="a">Genf [etc.]</subfield><subfield code="b">Helbing &amp; Lichtenhahn</subfield><subfield code="c">1999</subfield></datafield><datafield ind1=" " ind2=" " tag="300"><subfield code="a">LVIII, 383 S.</subfield><subfield code="c">23 cm</subfield></datafield><datafield ind1=" " ind2=" " tag="336"><subfield code="b">txt</subfield><subfield code="2">rdacontent</subfield></datafield><datafield ind1=" " ind2=" " tag="337"><subfield code="b">n</subfield><subfield code="2">rdamedia</subfield></datafield><datafield ind1=" " ind2=" " tag="338"><subfield code="b">nc</subfield><subfield code="2">rdacarrier</subfield></datafield><datafield ind1="1" ind2=" " tag="490"><subfield code="a">Schriftenreihe für internationales Recht</subfield><subfield code="v">Bd. 87</subfield></datafield><datafield ind1=" " ind2=" " tag="500"><subfield code="a">Buchhandelsausg. der Diss. Basel, 1998</subfield></datafield><datafield ind1=" " ind2=" " tag="500"><subfield code="a">Zitate dt., franz. oder engl.</subfield></datafield><datafield ind1=" " ind2=" " tag="502"><subfield code="a">Diss. Jur. Fak. Basel, 1998</subfield></datafield><datafield ind1=" " ind2=" " tag="504"><subfield code="a">Bibliogr.</subfield></datafield><datafield ind1="2" ind2="7" tag="611"><subfield code="a">Convention européenne des droits de l'homme</subfield><subfield code="d">1950</subfield><subfield code="c">Rome</subfield><subfield code="0">(RERO)A010068606</subfield><subfield code="2">rero</subfield></datafield><datafield ind1="0" ind2="7" tag="630"><subfield code="a">Europäische Menschenrechtskonvention</subfield><subfield code="2">idszbz</subfield></datafield><datafield ind1="0" ind2="7" tag="630"><subfield code="a">Europäische Menschenrechtskonvention</subfield><subfield code="f">1950 November 4</subfield><subfield code="0">(DE-588)4015727-1</subfield><subfield code="2">gnd</subfield></datafield><datafield ind1=" " ind2="7" tag="650"><subfield code="a">völkerrechtliche Verantwortlichkeit</subfield><subfield code="9">ger</subfield><subfield code="0">(RERO)jurivoc000025547ger</subfield><subfield code="2">jurivoc</subfield></datafield><datafield ind1=" " ind2="7" tag="650"><subfield code="a">internationale Organisation</subfield><subfield code="9">ger</subfield><subfield code="0">(RERO)jurivoc000011916ger</subfield><subfield code="2">jurivoc</subfield></datafield><datafield ind1=" " ind2="7" tag="650"><subfield code="a">Mitgliedstaat</subfield><subfield code="9">ger</subfield><subfield code="0">(RERO)jurivoc000015215ger</subfield><subfield code="2">jurivoc</subfield></datafield><datafield ind1=" " ind2="7" tag="650"><subfield code="a">Rechtsverletzung</subfield><subfield code="9">ger</subfield><subfield code="0">(RERO)jurivoc000018483ger</subfield><subfield code="2">jurivoc</subfield></datafield><datafield ind1=" " ind2="7" tag="650"><subfield code="a">EMRK</subfield><subfield code="9">ger</subfield><subfield code="0">(RERO)jurivoc000006844ger</subfield><subfield code="2">jurivoc</subfield></datafield><datafield ind1=" " ind2="7" tag="650"><subfield code="a">EU</subfield><subfield code="9">ger</subfield><subfield code="0">(RERO)jurivoc000007616ger</subfield><subfield code="2">jurivoc</subfield></datafield><datafield ind1=" " ind2="7" tag="650"><subfield code="a">Europol</subfield><subfield code="9">ger</subfield><subfield code="0">(RERO)jurivoc000007795ger</subfield><subfield code="2">jurivoc</subfield></datafield><datafield ind1=" " ind2="7" tag="650"><subfield code="a">Organisations internationales</subfield><subfield code="0">(IDREF)027356191</subfield><subfield code="2">idref</subfield></datafield><datafield ind1=" " ind2="7" tag="650"><subfield code="a">responsabilité de l'Etat</subfield><subfield code="0">(RERO)A009953897</subfield><subfield code="2">rerovoc</subfield></datafield><datafield ind1=" " ind2="7" tag="650"><subfield code="a">Droit international</subfield><subfield code="0">(IDREF)050627597</subfield><subfield code="2">idref</subfield></datafield><datafield ind1=" " ind2="7" tag="650"><subfield code="a">Violation des droits de l'homme</subfield><subfield code="0">(IDREF)094154333</subfield><subfield code="2">idref</subfield></datafield><datafield ind1=" " ind2="7" tag="650"><subfield code="a">Internationale Organisation</subfield><subfield code="2">idszbz</subfield></datafield><datafield ind1=" " ind2="7" tag="650"><subfield code="a">Verantwortlichkeit (Völkerrecht)</subfield><subfield code="2">idszbz</subfield></datafield><datafield ind1=" " ind2="7" tag="650"><subfield code="a">Menschenrechtsverletzung</subfield><subfield code="0">(DE-588)4276272-8</subfield><subfield code="2">gnd</subfield></datafield><datafield ind1=" " ind2="0" tag="650"><subfield code="a">Government liability</subfield><subfield code="z">Europe</subfield></datafield><datafield ind1=" " ind2="0" tag="650"><subfield code="a">Human rights</subfield><subfield code="z">Europe</subfield></datafield><datafield ind1=" " ind2="0" tag="650"><subfield code="a">International agencies</subfield><subfield code="z">Europe</subfield></datafield><datafield ind1=" " ind2="7" tag="650"><subfield code="a">Haftung</subfield><subfield code="0">(DE-588)4022898-8</subfield><subfield code="2">gnd</subfield></datafield><datafield ind1=" " ind2="7" tag="650"><subfield code="a">Internationale Organisation</subfield><subfield code="0">(DE-588)4027366-0</subfield><subfield code="2">gnd</subfield></datafield><datafield ind1=" " ind2="7" tag="650"><subfield code="a">Völkerrecht</subfield><subfield code="0">(DE-588)4063693-8</subfield><subfield code="2">gnd</subfield></datafield><datafield ind1=" " ind2="7" tag="650"><subfield code="a">Internationale Organisationen</subfield><subfield code="x">Verantwortung</subfield><subfield code="2">idsbb</subfield></datafield><datafield ind1=" " ind2="7" tag="650"><subfield code="a">Verantwortung</subfield><subfield code="x">Internationale Organisationen</subfield><subfield code="2">idsbb</subfield></datafield><datafield ind1=" " ind2="7" tag="650"><subfield code="a">Europäische Menschenrechtskonvention</subfield><subfield code="x">Internationale Organisationen</subfield><subfield code="2">idsbb</subfield></datafield><datafield ind1=" " ind2="7" tag="650"><subfield code="a">Internationale Organisationen</subfield><subfield code="x">Europäische Menschenrechtskonvention</subfield><subfield code="2">idsbb</subfield></datafield><datafield ind1=" " ind2="7" tag="655"><subfield code="a">Hochschulschrift</subfield><subfield code="2">gnd-content</subfield></datafield><datafield ind1=" " ind2=" " tag="690"><subfield code="a">Menschenrechte; Souveränität; internationale Organisation; Gewohnheitsrecht; Rechtsprechung; EU-Recht; Abkommen; Beschluss; Volk; Kontrolle; Rechtsschutz</subfield><subfield code="2">idssg-J</subfield></datafield><datafield ind1=" " ind2=" " tag="690"><subfield code="a">Organisationsrecht; Völkergewohnheitsrecht; Völkerrechtspersönlichkeit; Organisationsbeschluss; Satzungsvertrag; Zurechnungskriterium; Grundrechtsschutz; Organisationsentscheid; Ausgangslage; Kompetenzverteilung; Kompetenzübertragung; Beitrittsgesuch; Einstimmigkeitsbeschluss; Grundrechtsstandard; Individualrecht; Mehrheitsbeschluss; Mehrheitsprinzip; Menschenrechtskonvention; Menschenrechtsvertrag; Staatengemeinschaftsrecht; Verantwortlichkeitsnorm; Verantwortlichkeitsrecht; Fragestellung; Grundrechtsrelevanz; Organisationsakt; Organisationsorgan; Rechtserzeugung; Vertragsänderung; Drittpartei; EMRK-Organ; Mutterorganisation; Tochterorganisation; Willensbildung; Beschlussfassung; Außenkompetenz; EMRK-Verletzung; EU-Organ; Einstimmigkeitserfordernis; Exekutiveinheit; Finanzautonomie; Gemeinschaftskompetenz; Grundtypus; ILC-Entwurf; Inhaltsübersicht; Instanzenzug; Kompetenzzuweisung; Kontrollinstanz; Mindestanzahl; Organisationstätigkeit; Pflichtverletzung; Rechtslage; Staatenverantwortlichkeit; Staatenvertreter; Strukturelement; Teilnahme; Untersuchungsinstanz; Verbindlichkeitsgrad; Vertragsschlusskompetenz; Vires-Akt; Völkerrechtsverletzung; Abkürzungsverzeichnis; Drei-Säulen-Struktur; Empfangsstaat; Erfolgspflicht; Ermessensspielraum; Erscheinungsform; Erstasylrechts-Übereinkommen; Europol-Übereinkommen; Grundrechtsbereich; Handlungspflicht; Kompetenzbereich; Kooperationsform; Lichtenhahn; Literaturverzeichnis; Mitgliederkreis; Mitgliedstaat; NATO-Truppe; Nichtmitglied; Organisationsakte; Rechtsnatur; Rechtsraum; Sitzstaat; Staatenkonferenz; Stellungnahme; UNO-Truppe; Verhinderungspflicht; Vertragslückenski; Vorläufer-Institution; Völkerrechtssubjekt</subfield><subfield code="2">idssg-J</subfield></datafield><datafield ind1=" " ind2=" " tag="690"><subfield code="a">allgemeines Zurechnungskriterium; andere Untersuchungsinstanz; ausgewählte Organisation; eigenes Verhalten; explizite Gemeinschaftskompetenz; fehlende Kontrolle; fehlende Zuständigkeit; hybride Organisation; individuelle Handlung; lückenhafter Grundrechtsschutz; normativer Charakter; parallele Verantwortlichkeit; rechtliche Kontrolle; subsidiäre Verantwortlichkeit; traditionelle Organisation; Dubliner Erstasylrechts-Übereinkommen; EMRK-relevante Tätigkeit; aktives Verhalten; allgemeiner Hinweis; allgemeiner Rechtsgrundsatz; allgemeine Voraussetzung; allgemeines Zurechnungskriterium; analoge Anwendung; anderer Art; anderer Fall; anderes Völkerrechtssubjekt; anwendene Bestimmung; ausdrückliche Kompetenzzuweisung; automatische Geltung; automatische Verbindlichkeit; autonome Willensbildung; bedingte Zulässigkeit; begrenzter Akt; begrenzte Geltung; besondere Berücksichtigung; besondere Natur; bisheriges Verfahren; britisches Gericht; demokratische Kontrolle; direkte Anwendbarkeit; effektive Organisationstätigkeit; effektives Rechtsmittel; ehemaliges Jugoslawien; eigener Hoheitsakt; eigener Kompetenzbereich; eigene Unterlassung; einseitiger Akt; etwaiger Beitritt; europäische Gemeinschaft; europäische Kommission; europäische Menschenrechtskonvention; europäisches Parlament; europäisches Patentamt; europäische Union; exekutive Zuständigkeit; exklusive Verantwortlichkeit; explizite Völkerrechtspersönlichkeit; externe Kompetenz; externer Organisationsakt; extraterritoriale Ausstrahlung; faktische Kontrolle; fehlend Zustäni; fehlende Autonomie; fehlende Außenkompetenz; fehlender Schutz; fehlender Vertragslückenski; fehlende Völkerrechtspersönlichkeit; formelle Unterwerfung; fremd Staatsgei; früher Vertrag; gemeinsame Kontrollinstanz; genuiner Akt; gestelltes Organ; handelndes Organ; hybride Organisationsform; implizite Gemeinschaftskompetenz; inner Powers</subfield><subfield code="2">idssg-J</subfield></datafield><datafield ind1=" " ind2=" " tag="690"><subfield code="a">; innerstaatlicher Instanzenzug; intergouvernementale Organisation; intergouvernementale Struktur; interne Kompetenz; interner Organisationsakt; internes Staatengemeinschaftsrecht; internationales Abkommen; internationale Aktivität; internationales Gericht; internationaler Grundrechtsschutz; internationale Handelskammer; internationale Legislative; internationales Schiedsgericht; internationaler Strafgerichtshof; internationale Untersuchungsinstanz; internationale Verantwortlichkeitsnorm; internationaler Zinnrat; konkrete Handlung; konkrete Kontrolle; landesrechtliche Umsetzung; legislative Handlung; legislative Unterlassung; mangelnde Transparenz; materielle Beschwerdevoraussetzung; materieller Unterschied; maßgebendes Kriterium; nachträgliche Verhinderung; nationale Aktivität; nationales Gericht; nationales Gesellschaftsrecht; nationaler Grundrechtsschutz; neu EGMR; objektive Völkerrechtspersönlichkeit; objektivrechtmäßiger Akt; organisationseigene Kontrollinstanz; organisationseigener Vertreter; positive Schutzpflicht; primäre Verantwortlichkeit; präventive Verhinderung; quasi-normativer Charakter; rechte Pflicht; rechtliches Defizit; regionales Völkergewohnheitsrecht; schengener Abkommen; schlanke Organisationsstruktur; sekundäre Verantwortlichkeit; solidarische Verantwortlichkeit; staatliche Kooperationsform; staatliche Souveränität; staatlicher Souveränitätsakt; struktureller Unterschied; supranationale Organisation; supranationale Struktur; territoriale Geltung; territoriale Zuständigkeit; umfassende Abhängigkeit; unabhängiges Organ; uneinheitlicher Grundrechtsschutz; uni Ttelbarer; unmittelbare Verbindlichkeit; untergeordnete Exekutiveinheit; unterschiedlicher Mitgliederkreis; unterschiedlicher Vorbehalt; unterschiedliche Zielsetzung; verbindlicher Charakter; vereinfachte Rechtsgrundlage; vertragliche Vereinbarung; vorgelagerte Völkerrechtspersönlichkeit</subfield><subfield code="2">idssg-J</subfield></datafield><datafield ind1=" " ind2=" " tag="690"><subfield code="a">; völkergewohnheitsrechtliche Geltung; völkerrechtliche Einordnung; völkerrechtliche Haftung; völkerrechtliche Pflicht; völkerrechtliche Quelle; völkerrechtlicher Rechtsraum; völkerrechtliche Schutzpflicht; völkerrechtliche Selbstständigkeit; völkerrechtliche Sicht; völkerrechtlicher Status; völkerrechtliche Struktur; völkerrechtliche Verantwortlichkeit; völkerrechtliches Verantwortlichkeitsrecht; völkerrechtliche Verpflichtung; völkerrechtlicher Vertrag; völkerrechtliche Voraussetzung; völkerrechtliches Zurechnungskriterium; völkerrechtskonforme Regelung; völkerrechtswidriger Akt; völkerrechtswidriges Handeln; völkerrechtswidriger Satzungsvertrag; völkerrechtswidrige Unterlassung; völkerrechtswidriges Verhalten; weite Zuständigkeit; wiener Konvention; wirtschaftlicher Vorgang; zurechenbarer Organisationsakt; zwischenstaatliche Beziehung; öffentliche Gewalt; üblicher Schutzstandard; übrig Eingetragene Genossenschaft</subfield><subfield code="2">idssg-J</subfield></datafield><datafield ind1=" " ind2=" " tag="690"><subfield code="a">Deutschland C4EUGE; Vereinte Nationen C00WOR; EU C4EU; Niederlande C4EUNE; Jugoslawien C1990; Frankreich C4EUFR; Vereinigte Staaten C1USA; Schweiz C4EXSI; Bayern C4EUGE; Schweden C4EUSW; Türkei C7TURK; Luxemburg C4EULU; Belgien C4EUBL; Spanien C4EUSP; Iran C7IRAN</subfield><subfield code="2">idssg-J</subfield></datafield><datafield ind1=" " ind2=" " tag="690"><subfield code="a">Akteni nternai onaler Organisationen; Auffassung Praxis Doktrin; B. Anwendbarkeit; B. Ausübung; B. Bedeutung; B. Begriff; B. Beispiele; B. Charakteristika; B. EMRK; B. Geltung; B. Präventionspflichten; B. Rechtsprechung; B. Staaten; B. Verfahren; B. Völkerrechtspersönlichkeit; B. Zurechnung; Basel Genf München; Beer Regan; Beispiel Schengener Abkommen; C. Anwendbarkeit; C. Bedeutung; C. Geltung; C. Kompetenzen; C. Territorium; C. Verbindlichkeit; C. Verfolgungspflichten; C. Verletzung; C. Zurechnung; Colleci vement et individuellement; Communautes europeennes et leurs; Consequences for member states; D. Abkommen; D. Fazit; D. Geltung; D. Grundlage; D. Voraussetzungen; D. Zurechnung; Daniel Frank; Draft Articles on State; Drozd Janousek; Durchi nternai onale; E. Geltung; E. Grundlage; E. Grundsatz; Ener Konveni on; Enstei nternai onaler Orgai; Europi schen Gei chtshofes; Europol Helbing Lichtenhahn; F. Anerkennung; F. Fazit; F. Grundsatz; Facto-Vertretungen; G. Ausnahme; G. Bedeutung; Hostage Case; Immui täti nternai onaler; J. Ausnahme</subfield><subfield code="2">idssg-J</subfield></datafield><datafield ind1=" " ind2=" " tag="690"><subfield code="a">EMRK</subfield><subfield code="2">hsg-fr</subfield></datafield><datafield ind1=" " ind2=" " tag="690"><subfield code="a">Völkerrecht</subfield><subfield code="2">hsg-fr</subfield></datafield><datafield ind1=" " ind2=" " tag="690"><subfield code="a">Verantwortlichkeit</subfield><subfield code="2">hsg-fr</subfield></datafield><datafield ind1=" " ind2=" " tag="690"><subfield code="a">Menschenrechtsverletzung, B: Internationale Organisation</subfield><subfield code="2">rzs-L1</subfield></datafield><datafield ind1=" " ind2=" " tag="690"><subfield code="a">Organisationen, B: internationale: Menschenrechtsverletzung</subfield><subfield code="2">rzs-L1</subfield></datafield><datafield ind1=" " ind2=" " tag="691"><subfield code="e">PD 18.2</subfield><subfield code="2">rzs-L1</subfield></datafield><datafield ind1=" " ind2=" " tag="691"><subfield code="e">PD 18.2 EU</subfield><subfield code="2">rzs-L1</subfield></datafield><datafield ind1=" " ind2=" " tag="691"><subfield code="e">PD 20</subfield><subfield code="2">rzs-L1</subfield></datafield><datafield ind1=" " ind2="0" tag="830"><subfield code="a">Schriftenreihe für Internationales Recht</subfield><subfield code="v">87</subfield><subfield code="w">(IDSSG)000157611HSB01</subfield></datafield><datafield ind1=" " ind2="0" tag="830"><subfield code="a">Schriftenreihe für internationales Recht</subfield><subfield code="v">87</subfield><subfield code="w">(NEBIS)001852043EBI01</subfield></datafield><datafield ind1=" " ind2="0" tag="830"><subfield code="a">Schriftenreihe des Instituts für internationales Recht und internationale Beziehungen</subfield><subfield code="v">87</subfield><subfield code="w">(RERO)0067531-41slsp</subfield></datafield><datafield ind1=" " ind2="0" tag="830"><subfield code="a">Basler Studien zur Rechtswissenschaft</subfield><subfield code="p">Schriftenreihe für internationales Recht</subfield><subfield code="v">87</subfield><subfield code="w">(IDSBB)001386334DSV01</subfield></datafield><datafield ind1="4" ind2=" " tag="856"><subfield code="u">https://tools.unisg.ch/url/hm00006018</subfield><subfield code="z">Inhaltsverzeichnis</subfield></datafield><datafield ind1=" " ind2=" " tag="900"><subfield code="a">IDSZ2zbzmon200012l</subfield><subfield code="c">IDSZ2suse</subfield><subfield code="d">IDSZ2zbzswk200204b</subfield><subfield code="e">IDSZ2cave</subfield></datafield><datafield ind1=" " ind2=" " tag="900"><subfield code="a">IDSZ2rwimon200005e</subfield><subfield code="c">IDSZ2salg 000526</subfield></datafield><datafield ind1=" " ind2=" " tag="900"><subfield code="a">IDSZ2ivrmon200006l</subfield><subfield code="c">IDSZ2sakne 000609</subfield><subfield code="c">IDSZ2maye 001009</subfield><subfield code="d">IDSZ2ivrswk200006b</subfield><subfield code="e">IDSZ2morg</subfield></datafield><datafield ind1=" " ind2=" " tag="949"><subfield code="a">https://tools.unisg.ch/url/hm00006018</subfield></datafield></record>
</metadata></record>