<record><header><identifier>oai:alma.41SLSP_UGE:991000101829705502</identifier><datestamp>2023-03-01T01:10:20Z</datestamp><setSpec>uge_bcen_RapidILL_BOOK</setSpec><setSpec>uge_aaca_RapidILL_BOOK</setSpec><setSpec>uge_abels_RapidILL_BOOK</setSpec><setSpec>uge_dbu_RapidILL_BOOK</setSpec><setSpec>uge_cmu_RapidILL_BOOK</setSpec><setSpec>uge_mail_RapidILL_BOOK</setSpec><setSpec>UNIGE_ALL</setSpec><setSpec>uge_abbat_RapidILL_BOOK</setSpec><setSpec>uge_aobs_RapidILL_BOOK</setSpec><setSpec>uge_acar_RapidILL_BOOK</setSpec></header><metadata>
<record xmlns="http://www.loc.gov/MARC21/slim" xmlns:xsi="http://www.w3.org/2001/XMLSchema-instance" xsi:schemaLocation="http://www.loc.gov/MARC21/slim http://www.loc.gov/standards/marcxml/schema/MARC21slim.xsd"><leader>02206nam a2200289 c 4500</leader><controlfield tag="001">991000101829705502</controlfield><controlfield tag="005">20230121163626.0</controlfield><controlfield tag="008">051004s1987    ru ||||| |||| 00| ||rus d</controlfield><datafield ind1=" " ind2=" " tag="035"><subfield code="a">(swissbib)102453918-41slsp_network</subfield></datafield><datafield ind1=" " ind2=" " tag="035"><subfield code="a">102453918</subfield><subfield code="9">ExL</subfield></datafield><datafield ind1=" " ind2=" " tag="035"><subfield code="a">(RERO)R003916421-41slsp</subfield></datafield><datafield ind1=" " ind2=" " tag="035"><subfield code="a">(EXLNZ-41SLSP_NETWORK)991121522039705501</subfield></datafield><datafield ind1=" " ind2=" " tag="040"><subfield code="a">RERO geulru</subfield><subfield code="d">CH-ZuSLS</subfield></datafield><datafield ind1=" " ind2="7" tag="072"><subfield code="a">ru</subfield><subfield code="2">rero</subfield></datafield><datafield ind1="0" ind2="0" tag="245"><subfield code="6">880-01</subfield><subfield code="a">Zhiznʹ Pushkina</subfield><subfield code="b">perepiska, vospominanii︠a︡, dnevniki : rasskazannai︠a︡ im samim i ego sovremennikami</subfield><subfield code="c">[sost. V. V. Kunina]</subfield></datafield><datafield ind1="0" ind2="0" tag="880"><subfield code="6">245-01/(N</subfield><subfield code="a">Жизнь Пушкина</subfield><subfield code="b">переписка, воспоминания, дневники : рассказанная им самим и его сорвеменниками</subfield><subfield code="c">[сост. В.В. Кунина]</subfield></datafield><datafield ind1="1" ind2=" " tag="246"><subfield code="a">Žiznʹ Puškina</subfield><subfield code="b">perepiska, vospominanija, dnevniki : rasskazannaja im samim i ego sovremennikami / [sost. V. V. Kunina]</subfield></datafield><datafield ind1=" " ind2="1" tag="264"><subfield code="6">880-02</subfield><subfield code="a">Moskva</subfield><subfield code="b">Pravda</subfield><subfield code="c">1987</subfield></datafield><datafield ind1=" " ind2="1" tag="880"><subfield code="6">264-02/(N</subfield><subfield code="a">Москва</subfield><subfield code="b">Правда</subfield><subfield code="c">1987</subfield></datafield><datafield ind1=" " ind2=" " tag="300"><subfield code="a">2 vol. (733, 702 p)</subfield><subfield code="b">ill.</subfield><subfield code="c">21 cm</subfield></datafield><datafield ind1=" " ind2=" " tag="336"><subfield code="b">txt</subfield><subfield code="2">rdacontent</subfield></datafield><datafield ind1=" " ind2=" " tag="337"><subfield code="b">n</subfield><subfield code="2">rdamedia</subfield></datafield><datafield ind1=" " ind2=" " tag="338"><subfield code="b">nc</subfield><subfield code="2">rdacarrier</subfield></datafield><datafield ind1="1" ind2="7" tag="600"><subfield code="a">Pouchkine, Alexandre Sergueïevitch</subfield><subfield code="d">1799-1837</subfield><subfield code="0">(IDREF)028188012</subfield><subfield code="2">idref</subfield></datafield><datafield ind1=" " ind2="7" tag="655"><subfield code="a">Biographie</subfield><subfield code="0">(IDREF)027281558</subfield><subfield code="2">idref</subfield></datafield><datafield ind1="1" ind2=" " tag="700"><subfield code="6">880-03</subfield><subfield code="a">Kunin, Viktor Vladimirovič</subfield><subfield code="0">(IDREF)102074704</subfield></datafield><datafield ind1="1" ind2=" " tag="880"><subfield code="6">700-03/(N</subfield><subfield code="a">Кунин, Виктор Владимирович</subfield></datafield><datafield ind1=" " ind2=" " tag="900"><subfield code="a">REROnoselfmerge</subfield></datafield></record>
</metadata></record>