<record><header><identifier>oai:alma.41SLSP_UGE:991000102349705502</identifier><datestamp>2024-10-16T00:19:36Z</datestamp><setSpec>uge_bcen_RapidILL_BOOK</setSpec><setSpec>uge_aaca_RapidILL_BOOK</setSpec><setSpec>uge_abels_RapidILL_BOOK</setSpec><setSpec>uge_dbu_RapidILL_BOOK</setSpec><setSpec>uge_cmu_RapidILL_BOOK</setSpec><setSpec>uge_mail_RapidILL_BOOK</setSpec><setSpec>uge_abbat_RapidILL_BOOK</setSpec><setSpec>UNIGE_ALL</setSpec><setSpec>uge_aobs_RapidILL_BOOK</setSpec><setSpec>uge_acar_RapidILL_BOOK</setSpec></header><metadata>
<record xmlns="http://www.loc.gov/MARC21/slim" xmlns:xsi="http://www.w3.org/2001/XMLSchema-instance" xsi:schemaLocation="http://www.loc.gov/MARC21/slim http://www.loc.gov/standards/marcxml/schema/MARC21slim.xsd"><leader>03161nam a2200757 c 4500</leader><controlfield tag="001">991000102349705502</controlfield><controlfield tag="005">20230331212443.0</controlfield><controlfield tag="008">201011s2014    gw            00| | eng| </controlfield><datafield ind1=" " ind2=" " tag="010"><subfield code="a">2014031448</subfield></datafield><datafield ind1="7" ind2=" " tag="016"><subfield code="a">1058222686</subfield><subfield code="2">DE-101</subfield></datafield><datafield ind1=" " ind2=" " tag="020"><subfield code="a">3110340208</subfield><subfield code="q">hdc. : alk. paper</subfield></datafield><datafield ind1=" " ind2=" " tag="020"><subfield code="a">9783110340204</subfield><subfield code="q">Pp.</subfield><subfield code="c">EUR 99.95</subfield></datafield><datafield ind1=" " ind2=" " tag="035"><subfield code="a">(swissbib)229437990-41slsp_network</subfield></datafield><datafield ind1=" " ind2=" " tag="035"><subfield code="a">229437990</subfield><subfield code="9">ExL</subfield></datafield><datafield ind1=" " ind2=" " tag="035"><subfield code="a">(IDSLU)001167244ILU01</subfield></datafield><datafield ind1=" " ind2=" " tag="035"><subfield code="a">(IDSBB)006292283DSV01</subfield></datafield><datafield ind1=" " ind2=" " tag="035"><subfield code="a">(NEBIS)010257620EBI01</subfield></datafield><datafield ind1=" " ind2=" " tag="035"><subfield code="a">(RERO)R007682767-41slsp</subfield></datafield><datafield ind1=" " ind2=" " tag="035"><subfield code="a">(DE-599)DNB1058222686</subfield></datafield><datafield ind1=" " ind2=" " tag="035"><subfield code="a">(DE-576)406064644</subfield></datafield><datafield ind1=" " ind2=" " tag="035"><subfield code="a">(OCoLC)881356717</subfield></datafield><datafield ind1=" " ind2=" " tag="035"><subfield code="a">(OCoLC)881436679</subfield></datafield><datafield ind1=" " ind2=" " tag="035"><subfield code="a">(EXLNZ-41SLSP_NETWORK)991048348639705501</subfield></datafield><datafield ind1=" " ind2=" " tag="040"><subfield code="a">1139</subfield><subfield code="e">kids</subfield><subfield code="d">CH-ZuSLS</subfield></datafield><datafield ind1="0" ind2=" " tag="041"><subfield code="a">eng</subfield><subfield code="a">lat</subfield></datafield><datafield ind1=" " ind2=" " tag="050"><subfield code="a">PA891.H4</subfield><subfield code="b">S54 2014</subfield></datafield><datafield ind1=" " ind2=" " tag="050"><subfield code="a">BR45</subfield><subfield code="b">.T4 Bd. 173</subfield></datafield><datafield ind1=" " ind2="7" tag="072"><subfield code="a">740</subfield><subfield code="2">IDS LU</subfield></datafield><datafield ind1=" " ind2="7" tag="072"><subfield code="a">th</subfield><subfield code="2">SzZuIDS BS/BE</subfield></datafield><datafield ind1=" " ind2="7" tag="072"><subfield code="a">la</subfield><subfield code="2">rero</subfield></datafield><datafield ind1="0" ind2="4" tag="082"><subfield code="a">229/.93</subfield><subfield code="2">23</subfield></datafield><datafield ind1=" " ind2=" " tag="084"><subfield code="a">220</subfield><subfield code="2">sdnb</subfield></datafield><datafield ind1=" " ind2=" " tag="084"><subfield code="a">BO 2796</subfield><subfield code="2">rvk</subfield></datafield><datafield ind1="0" ind2=" " tag="100"><subfield code="a">Hermas</subfield><subfield code="d">ca. 2. Jh.</subfield><subfield code="0">(DE-588)118774131</subfield></datafield><datafield ind1="1" ind2="0" tag="240"><subfield code="a">Pastor</subfield></datafield><datafield ind1="1" ind2="0" tag="245"><subfield code="a">&lt;&lt;The&gt;&gt; &quot;Shepherd&quot; of Hermas in Latin</subfield><subfield code="b">critical edition of the oldest translation &quot;Vulgata&quot;</subfield><subfield code="c">ed. by Christian Tornau and Paolo Cecconi</subfield></datafield><datafield ind1=" " ind2="1" tag="264"><subfield code="a">Berlin</subfield><subfield code="b">de Gruyter</subfield><subfield code="c">2014</subfield></datafield><datafield ind1=" " ind2=" " tag="300"><subfield code="a">133 S.</subfield><subfield code="c">25 cm</subfield></datafield><datafield ind1=" " ind2=" " tag="336"><subfield code="b">txt</subfield><subfield code="2">rdacontent</subfield></datafield><datafield ind1=" " ind2=" " tag="337"><subfield code="b">n</subfield><subfield code="2">rdamedia</subfield></datafield><datafield ind1=" " ind2=" " tag="338"><subfield code="b">nc</subfield><subfield code="2">rdacarrier</subfield></datafield><datafield ind1="1" ind2=" " tag="490"><subfield code="a">Texte und Untersuchungen zur Geschichte der altchristlichen Literatur</subfield><subfield code="v">Bd. 173</subfield></datafield><datafield ind1=" " ind2=" " tag="500"><subfield code="a">Text lat., Einf. und Kommentar engl.</subfield></datafield><datafield ind1=" " ind2=" " tag="504"><subfield code="a">Includes bibliographical references and index</subfield></datafield><datafield ind1="0" ind2="7" tag="600"><subfield code="a">Hermas</subfield><subfield code="d">ca. 2. Jh.</subfield><subfield code="t">Pastor</subfield><subfield code="0">(DE-588)4226498-4</subfield><subfield code="2">gnd</subfield></datafield><datafield ind1="0" ind2="0" tag="600"><subfield code="a">Hermas</subfield><subfield code="d">active 2nd century</subfield><subfield code="t">Shepherd</subfield></datafield><datafield ind1="0" ind2="4" tag="600"><subfield code="a">Shepherd of Hermas in Latin</subfield></datafield><datafield ind1="0" ind2="4" tag="600"><subfield code="a">Hermas</subfield><subfield code="d">active 2nd century</subfield></datafield><datafield ind1="0" ind2="7" tag="600"><subfield code="a">Hermas</subfield><subfield code="c">père apostolique</subfield><subfield code="d">01..-01..</subfield><subfield code="t">&lt;&lt;Le &gt;&gt;Pasteur</subfield><subfield code="0">(IDREF)027283534</subfield><subfield code="2">idref</subfield></datafield><datafield ind1=" " ind2="7" tag="650"><subfield code="a">Übersetzung</subfield><subfield code="0">(DE-588)4061418-9</subfield><subfield code="2">gnd</subfield></datafield><datafield ind1=" " ind2="7" tag="650"><subfield code="a">Latein</subfield><subfield code="0">(DE-588)4114364-4</subfield><subfield code="2">gnd</subfield></datafield><datafield ind1=" " ind2="7" tag="650"><subfield code="a">Christliche Literatur</subfield><subfield code="0">(DE-588)4010110-1</subfield><subfield code="2">gnd</subfield></datafield><datafield ind1=" " ind2="7" tag="650"><subfield code="a">Traduction en latin</subfield><subfield code="0">(IDREF)030660610</subfield><subfield code="2">idref</subfield></datafield><datafield ind1=" " ind2="7" tag="655"><subfield code="a">Quelle</subfield><subfield code="2">gnd-content</subfield></datafield><datafield ind1=" " ind2="7" tag="655"><subfield code="a">Ausgabe</subfield><subfield code="2">idszbz</subfield></datafield><datafield ind1=" " ind2="7" tag="655"><subfield code="a">Commentaire de texte</subfield><subfield code="0">(IDREF)027790681</subfield><subfield code="2">idref</subfield></datafield><datafield ind1=" " ind2="7" tag="655"><subfield code="a">Éditions de manuscrits</subfield><subfield code="0">(IDREF)17486969X</subfield><subfield code="2">idref</subfield></datafield><datafield ind1="1" ind2=" " tag="700"><subfield code="a">Tornau, Christian</subfield><subfield code="d">1967-</subfield><subfield code="0">(DE-588)120176394</subfield><subfield code="6">880-02</subfield></datafield><datafield ind1="1" ind2=" " tag="880"><subfield code="6">700-02</subfield><subfield code="a">Tornau, Christian</subfield><subfield code="d">1967-....</subfield><subfield code="0">(IDREF)050472437</subfield></datafield><datafield ind1="4" ind2=" " tag="856"><subfield code="3">Titelblatt und Inhaltsverzeichnis</subfield><subfield code="u">https://toc.library.ethz.ch/objects/pdf03/z01_978-3-11-034020-4_01.pdf</subfield><subfield code="q">pdf</subfield></datafield><datafield ind1=" " ind2=" " tag="830"><subfield code="a">Texte und Untersuchungen zur Geschichte der altchristlichen Literatur</subfield><subfield code="v">173</subfield><subfield code="w">(IDSLU)000165166ILU01</subfield></datafield><datafield ind1=" " ind2=" " tag="830"><subfield code="a">Texte und Untersuchungen zur Geschichte der altchristlichen Literatur</subfield><subfield code="v">173</subfield><subfield code="w">(IDSBB)000054073DSV01</subfield></datafield><datafield ind1=" " ind2=" " tag="830"><subfield code="a">Texte und Untersuchungen zur Geschichte der altchristlichen Literatur</subfield><subfield code="v">173</subfield><subfield code="w">(RERO)0039551-41slsp</subfield></datafield><datafield ind1=" " ind2=" " tag="900"><subfield code="a">IDSZ2zbzmon201412f</subfield><subfield code="c">IDSZ2tobt</subfield><subfield code="d">IDSZ2zbzswk201504b</subfield><subfield code="e">IDSZ2seid</subfield></datafield><datafield ind1=" " ind2=" " tag="900"><subfield code="a">REROnoselfmerge</subfield></datafield><datafield ind1=" " ind2=" " tag="911"><subfield code="a">700</subfield><subfield code="a">Tornau, Christian</subfield><subfield code="d">1967-</subfield></datafield><datafield ind1=" " ind2=" " tag="949"><subfield code="a">https://toc.library.ethz.ch/objects/pdf03/z01_978-3-11-034020-4_01.pdf</subfield></datafield></record>
</metadata></record>