<record><header><identifier>oai:alma.41SLSP_UGE:991000101929705502</identifier><datestamp>2023-04-11T00:11:18Z</datestamp><setSpec>uge_bcen_RapidILL_BOOK</setSpec><setSpec>uge_aaca_RapidILL_BOOK</setSpec><setSpec>uge_abels_RapidILL_BOOK</setSpec><setSpec>uge_dbu_RapidILL_BOOK</setSpec><setSpec>uge_cmu_RapidILL_BOOK</setSpec><setSpec>uge_mail_RapidILL_BOOK</setSpec><setSpec>uge_abbat_RapidILL_BOOK</setSpec><setSpec>UNIGE_ALL</setSpec><setSpec>uge_acar_RapidILL_BOOK</setSpec><setSpec>uge_aobs_RapidILL_BOOK</setSpec></header><metadata>
<record xmlns="http://www.loc.gov/MARC21/slim" xmlns:xsi="http://www.w3.org/2001/XMLSchema-instance" xsi:schemaLocation="http://www.loc.gov/MARC21/slim http://www.loc.gov/standards/marcxml/schema/MARC21slim.xsd"><leader>02540nam a2200577 c 4500</leader><controlfield tag="001">991000101929705502</controlfield><controlfield tag="005">20230410140351.0</controlfield><controlfield tag="008">201011s2016    it ||||| |||| 00| ||ita d</controlfield><datafield ind1=" " ind2=" " tag="020"><subfield code="a">8863444250</subfield></datafield><datafield ind1=" " ind2=" " tag="020"><subfield code="a">9788863444254</subfield></datafield><datafield ind1=" " ind2=" " tag="035"><subfield code="a">(swissbib)229708293-41slsp_network</subfield></datafield><datafield ind1=" " ind2=" " tag="035"><subfield code="a">229708293</subfield><subfield code="9">ExL</subfield></datafield><datafield ind1=" " ind2=" " tag="035"><subfield code="a">(RERO)R008624772-41slsp</subfield></datafield><datafield ind1=" " ind2=" " tag="035"><subfield code="a">(IDSBB)006760143DSV01</subfield></datafield><datafield ind1=" " ind2=" " tag="035"><subfield code="a">(NEBIS)011425204EBI01</subfield></datafield><datafield ind1=" " ind2=" " tag="035"><subfield code="a">(EXLNZ-41SLSP_NETWORK)991067194059705501</subfield></datafield><datafield ind1=" " ind2=" " tag="040"><subfield code="a">ItFiC</subfield><subfield code="b">eng</subfield><subfield code="e">rda</subfield><subfield code="d">CH-ZuSLS</subfield></datafield><datafield ind1="1" ind2=" " tag="041"><subfield code="a">ita</subfield><subfield code="a">grc</subfield><subfield code="h">grc</subfield></datafield><datafield ind1=" " ind2="0" tag="050"><subfield code="a">DF27.P383</subfield><subfield code="b">D56 2016</subfield></datafield><datafield ind1=" " ind2="7" tag="072"><subfield code="a">ha</subfield><subfield code="2">rero</subfield></datafield><datafield ind1="1" ind2=" " tag="080"><subfield code="a">875PAUSA8</subfield></datafield><datafield ind1="1" ind2="4" tag="082"><subfield code="a">914</subfield><subfield code="2">14</subfield></datafield><datafield ind1="1" ind2=" " tag="100"><subfield code="a">Dimauro, Elisabetta</subfield><subfield code="0">(DE-588)1160405840</subfield><subfield code="e">Verfasser</subfield><subfield code="4">aut</subfield><subfield code="6">880-01</subfield></datafield><datafield ind1="1" ind2=" " tag="880"><subfield code="6">100-01</subfield><subfield code="a">Dimauro, Elisabetta</subfield><subfield code="0">(IDREF)125187653</subfield><subfield code="4">cre</subfield></datafield><datafield ind1="1" ind2="0" tag="245"><subfield code="a">&quot;So perché ho visto&quot;</subfield><subfield code="b">viaggio e informazione in Pausania</subfield><subfield code="c">Elisabetta Dimauro ; prefazione e appendici di Umberto Bultrighini</subfield></datafield><datafield ind1=" " ind2="1" tag="264"><subfield code="a">Lanciano</subfield><subfield code="b">Carabba</subfield><subfield code="c">[2016]</subfield></datafield><datafield ind1=" " ind2=" " tag="300"><subfield code="a">167 Seiten</subfield><subfield code="c">24 cm</subfield></datafield><datafield ind1=" " ind2=" " tag="336"><subfield code="b">txt</subfield><subfield code="2">rdacontent</subfield></datafield><datafield ind1=" " ind2=" " tag="337"><subfield code="b">n</subfield><subfield code="2">rdamedia</subfield></datafield><datafield ind1=" " ind2=" " tag="338"><subfield code="b">nc</subfield><subfield code="2">rdacarrier</subfield></datafield><datafield ind1="1" ind2=" " tag="490"><subfield code="a">Koinos logos</subfield><subfield code="v">15</subfield></datafield><datafield ind1=" " ind2=" " tag="504"><subfield code="a">Includes bibliographical references (pages 139-146) and indexes</subfield></datafield><datafield ind1=" " ind2=" " tag="546"><subfield code="a">Text italienisch, mit atlgriechischen Zitaten mit italienischer Übersetzung</subfield></datafield><datafield ind1="0" ind2="0" tag="600"><subfield code="a">Pausanias</subfield><subfield code="d">active approximately 150-175.</subfield><subfield code="t">Description of Greece</subfield></datafield><datafield ind1="0" ind2="7" tag="600"><subfield code="a">Pausanias</subfield><subfield code="c">(géographe).</subfield><subfield code="t">Description de la Grèce</subfield><subfield code="0">(RERO)A010129316</subfield><subfield code="2">rero</subfield></datafield><datafield ind1="0" ind2="7" tag="600"><subfield code="a">Pausanias</subfield><subfield code="c">Periegeta</subfield><subfield code="d">ca. 115</subfield><subfield code="t">Graeciae descriptio</subfield><subfield code="0">(DE-588)4119969-8</subfield><subfield code="2">gnd</subfield></datafield><datafield ind1="0" ind2="0" tag="600"><subfield code="a">Pausanias</subfield><subfield code="d">active approximately 150-175</subfield><subfield code="t">Description of Greece</subfield></datafield><datafield ind1=" " ind2="7" tag="650"><subfield code="a">Voyage</subfield><subfield code="0">(IDREF)027826015</subfield><subfield code="2">idref</subfield></datafield><datafield ind1=" " ind2="7" tag="650"><subfield code="a">Tourisme historique</subfield><subfield code="0">(IDREF)03372380X</subfield><subfield code="2">idref</subfield></datafield><datafield ind1=" " ind2="7" tag="650"><subfield code="a">Hellénisme</subfield><subfield code="0">(IDREF)04865521X</subfield><subfield code="2">idref</subfield></datafield><datafield ind1=" " ind2="7" tag="650"><subfield code="a">Information</subfield><subfield code="0">(IDREF)027803945</subfield><subfield code="2">idref</subfield></datafield><datafield ind1=" " ind2="7" tag="650"><subfield code="a">Pausania . Periegesi della Grecia</subfield><subfield code="x">Fonti orali</subfield><subfield code="2">scbi</subfield></datafield><datafield ind1=" " ind2="7" tag="651"><subfield code="a">Rome</subfield><subfield code="0">(IDREF)027243001</subfield><subfield code="2">idref</subfield></datafield><datafield ind1="1" ind2=" " tag="700"><subfield code="a">Bultrighini, Umberto</subfield><subfield code="d">1950-</subfield><subfield code="0">(DE-588)1150526602</subfield><subfield code="e">Verfasser eines Vorworts</subfield><subfield code="e">Verfasser eines Postscriptums</subfield><subfield code="4">wpr</subfield><subfield code="4">ctb</subfield><subfield code="6">880-02</subfield></datafield><datafield ind1="1" ind2=" " tag="880"><subfield code="6">700-02</subfield><subfield code="a">Bultrighini, Umberto</subfield><subfield code="d">1950-....</subfield><subfield code="0">(IDREF)056826591</subfield></datafield><datafield ind1="4" ind2="2" tag="856"><subfield code="3">Table des matières</subfield><subfield code="u">http://catdir.loc.gov/catdir/toc/casalini16/3187465.pdf</subfield></datafield><datafield ind1=" " ind2="0" tag="830"><subfield code="a">Koinos logos</subfield><subfield code="v">15</subfield><subfield code="w">(IDSBB)005657044DSV01</subfield></datafield><datafield ind1=" " ind2="0" tag="830"><subfield code="a">Koinos logos</subfield><subfield code="v">15</subfield><subfield code="w">(RERO)R005935391-41slsp</subfield></datafield><datafield ind1=" " ind2=" " tag="900"><subfield code="a">REROnoselfmerge</subfield></datafield><datafield ind1=" " ind2=" " tag="910"><subfield code="a">OCoLC</subfield><subfield code="b">20170404</subfield><subfield code="c">Droits réservés</subfield></datafield><datafield ind1=" " ind2=" " tag="911"><subfield code="a">700</subfield><subfield code="a">Bultrighini, Umberto</subfield><subfield code="d">1950-</subfield></datafield><datafield ind1=" " ind2=" " tag="949"><subfield code="a">http://catdir.loc.gov/catdir/toc/casalini16/3187465.pdf</subfield></datafield></record>
</metadata></record>