<record><header><identifier>oai:alma.41SLSP_UGE:991000102769705502</identifier><datestamp>2023-06-10T00:21:21Z</datestamp><setSpec>uge_bcen_RapidILL_BOOK</setSpec><setSpec>uge_aaca_RapidILL_BOOK</setSpec><setSpec>uge_abels_RapidILL_BOOK</setSpec><setSpec>uge_dbu_RapidILL_BOOK</setSpec><setSpec>uge_cmu_RapidILL_BOOK</setSpec><setSpec>uge_mail_RapidILL_BOOK</setSpec><setSpec>uge_abbat_RapidILL_BOOK</setSpec><setSpec>UNIGE_ALL</setSpec><setSpec>uge_aobs_RapidILL_BOOK</setSpec><setSpec>uge_acar_RapidILL_BOOK</setSpec></header><metadata>
<record xmlns="http://www.loc.gov/MARC21/slim" xmlns:xsi="http://www.w3.org/2001/XMLSchema-instance" xsi:schemaLocation="http://www.loc.gov/MARC21/slim http://www.loc.gov/standards/marcxml/schema/MARC21slim.xsd"><leader>03272nam a22007937c 4500</leader><controlfield tag="001">991000102769705502</controlfield><controlfield tag="005">20230207212240.0</controlfield><controlfield tag="008">201011s1958    fr ||||| |||| 00| ||fre d</controlfield><datafield ind1=" " ind2=" " tag="010"><subfield code="a">67007790</subfield></datafield><datafield ind1=" " ind2=" " tag="035"><subfield code="a">(swissbib)22180112X-41slsp_network</subfield></datafield><datafield ind1=" " ind2=" " tag="035"><subfield code="a">22180112X</subfield><subfield code="9">ExL</subfield></datafield><datafield ind1=" " ind2=" " tag="035"><subfield code="a">(RERO)0188300-41slsp</subfield></datafield><datafield ind1=" " ind2=" " tag="035"><subfield code="a">(IDSBB)000158957DSV01</subfield></datafield><datafield ind1=" " ind2=" " tag="035"><subfield code="a">(NEBIS)003198827EBI01</subfield></datafield><datafield ind1=" " ind2=" " tag="035"><subfield code="a">(IDSLU)000159265ILU01</subfield></datafield><datafield ind1=" " ind2=" " tag="035"><subfield code="a">(SBT)000255170SBT01</subfield></datafield><datafield ind1=" " ind2=" " tag="035"><subfield code="a">(OCoLC)812730</subfield></datafield><datafield ind1=" " ind2=" " tag="035"><subfield code="a">(EXLNZ-41SLSP_NETWORK)991153156029705501</subfield></datafield><datafield ind1=" " ind2=" " tag="040"><subfield code="a">RERO</subfield><subfield code="d">CH-ZuSLS</subfield></datafield><datafield ind1="1" ind2=" " tag="041"><subfield code="a">fre</subfield><subfield code="h">grc</subfield></datafield><datafield ind1=" " ind2=" " tag="050"><subfield code="a">BR65</subfield><subfield code="b">.A4434</subfield></datafield><datafield ind1=" " ind2="7" tag="072"><subfield code="a">kp</subfield><subfield code="2">SzZuIDS BS/BE</subfield></datafield><datafield ind1=" " ind2="7" tag="072"><subfield code="a">th</subfield><subfield code="2">SzZuIDS BS/BE</subfield></datafield><datafield ind1=" " ind2="7" tag="072"><subfield code="a">740</subfield><subfield code="2">IDS LU</subfield></datafield><datafield ind1=" " ind2="7" tag="072"><subfield code="a">th</subfield><subfield code="2">rero</subfield></datafield><datafield ind1="0" ind2="4" tag="082"><subfield code="a">281/.4/0924</subfield></datafield><datafield ind1=" " ind2=" " tag="084"><subfield code="a">11.51</subfield><subfield code="2">bcl</subfield></datafield><datafield ind1=" " ind2=" " tag="084"><subfield code="a">BO 1160</subfield><subfield code="2">rvk</subfield></datafield><datafield ind1="0" ind2=" " tag="100"><subfield code="a">Athanasius</subfield><subfield code="c">Alexandrinus, Heiliger</subfield><subfield code="d">295-373</subfield><subfield code="0">(DE-588)118504843</subfield><subfield code="6">880-01</subfield></datafield><datafield ind1="0" ind2=" " tag="880"><subfield code="6">100-01</subfield><subfield code="a">Athanase</subfield><subfield code="c">saint</subfield><subfield code="d">0295?-0373</subfield><subfield code="0">(IDREF)026693895</subfield><subfield code="4">cre</subfield></datafield><datafield ind1="0" ind2=" " tag="880"><subfield code="6">100-01</subfield><subfield code="a">Athanasius</subfield><subfield code="c">Alexandrinus</subfield><subfield code="c">santo</subfield><subfield code="d">295-373</subfield><subfield code="0">(SBT11)000000624</subfield></datafield><datafield ind1="1" ind2="0" tag="240"><subfield code="a">Apologia ad Constantium</subfield></datafield><datafield ind1="1" ind2="0" tag="245"><subfield code="a">Apologie à l'empereur Constance</subfield><subfield code="b">Apologie pour sa fuite</subfield><subfield code="c">[par] Athanase d'Alexandrie ; introd., texte critique ; trad. et notes de Jan-M. Szymusiak</subfield></datafield><datafield ind1="1" ind2="1" tag="246"><subfield code="a">Apologie à l'empereur Constance</subfield></datafield><datafield ind1="1" ind2="1" tag="246"><subfield code="a">Apologie pour sa fuite</subfield></datafield><datafield ind1=" " ind2="1" tag="264"><subfield code="a">Paris</subfield><subfield code="b">Les Ed. du Cerf</subfield><subfield code="c">1958</subfield></datafield><datafield ind1=" " ind2=" " tag="300"><subfield code="a">192 p. dont p. 88-167 avec pagination double</subfield><subfield code="c">20 cm</subfield></datafield><datafield ind1=" " ind2=" " tag="336"><subfield code="b">txt</subfield><subfield code="2">rdacontent</subfield></datafield><datafield ind1=" " ind2=" " tag="337"><subfield code="b">n</subfield><subfield code="2">rdamedia</subfield></datafield><datafield ind1=" " ind2=" " tag="338"><subfield code="b">nc</subfield><subfield code="2">rdacarrier</subfield></datafield><datafield ind1="1" ind2=" " tag="490"><subfield code="a">Sources chrétiennes</subfield><subfield code="v">no 56</subfield></datafield><datafield ind1=" " ind2=" " tag="500"><subfield code="a">Originaltitel: Apologia ad Constantium</subfield></datafield><datafield ind1=" " ind2=" " tag="500"><subfield code="a">Greek and French on opposite pages (p. [88]-167 numbered in duplicate)</subfield></datafield><datafield ind1=" " ind2=" " tag="500"><subfield code="a">Also issued online</subfield></datafield><datafield ind1=" " ind2=" " tag="500"><subfield code="a">Griech. - franz. Paralleltext</subfield></datafield><datafield ind1=" " ind2=" " tag="504"><subfield code="a">p. 80-85. &quot;Index des auteurs cités en dehors de la bibliographie&quot;: p.[176]-178</subfield></datafield><datafield ind1="0" ind2="7" tag="600"><subfield code="a">Athanase</subfield><subfield code="c">saint</subfield><subfield code="d">0295?-0373</subfield><subfield code="0">(IDREF)026693895</subfield><subfield code="2">idref</subfield></datafield><datafield ind1=" " ind2="0" tag="650"><subfield code="a">Fathers of the church</subfield></datafield><datafield ind1=" " ind2="7" tag="650"><subfield code="a">apologie</subfield><subfield code="0">(RERO)A010043912</subfield><subfield code="2">rerovoc</subfield></datafield><datafield ind1=" " ind2="7" tag="650"><subfield code="a">christologie</subfield><subfield code="0">(RERO)A009975629</subfield><subfield code="2">rerovoc</subfield></datafield><datafield ind1=" " ind2="7" tag="650"><subfield code="a">État</subfield><subfield code="0">(IDREF)027297942</subfield><subfield code="2">idref</subfield></datafield><datafield ind1=" " ind2="7" tag="650"><subfield code="a">Historiographie</subfield><subfield code="0">(IDREF)027261794</subfield><subfield code="2">idref</subfield></datafield><datafield ind1=" " ind2="0" tag="650"><subfield code="a">Christian literature, Early</subfield></datafield><datafield ind1=" " ind2="7" tag="650"><subfield code="a">Apologieën</subfield><subfield code="2">gtt</subfield></datafield><datafield ind1=" " ind2="7" tag="650"><subfield code="a">Arianisme</subfield><subfield code="2">gtt</subfield></datafield><datafield ind1=" " ind2=" " tag="690"><subfield code="a">Konstantius (Römisches Reich, Kaiser, 2)</subfield><subfield code="2">uzb-Z9</subfield></datafield><datafield ind1=" " ind2=" " tag="690"><subfield code="a">Roemisches Reich : Kirche : Staat : Geschichte 356-361 : Quelle</subfield><subfield code="2">uzb-UL</subfield></datafield><datafield ind1=" " ind2=" " tag="690"><subfield code="a">Athanasius (Alexandria,Bischof) : Arianismus : Christenverfolgung : Geschichte 335-363 : Quelle</subfield><subfield code="2">uzb-UL</subfield></datafield><datafield ind1=" " ind2=" " tag="691"><subfield code="e">270.1</subfield><subfield code="a">Storia della Chiesa. Periodo apostolico, fino al 325</subfield><subfield code="2">usi-TE</subfield></datafield><datafield ind1="1" ind2=" " tag="700"><subfield code="a">Szymusiak, Jan M.</subfield></datafield><datafield ind1="0" ind2="2" tag="700"><subfield code="a">Athanasius</subfield><subfield code="c">Alexandrinus, Heiliger</subfield><subfield code="d">295-373</subfield><subfield code="t">Apologia de fuga</subfield></datafield><datafield ind1="0" ind2="2" tag="700"><subfield code="a">Athanasius</subfield><subfield code="c">Alexandrinus, Heiliger</subfield><subfield code="d">295-373</subfield><subfield code="t">Apologie pour sa fuite</subfield></datafield><datafield ind1="0" ind2="2" tag="740"><subfield code="a">Apologie pour sa fuite</subfield></datafield><datafield ind1=" " ind2=" " tag="830"><subfield code="a">Sources chrétiennes</subfield><subfield code="v">56</subfield><subfield code="w">(IDSBB)000008537DSV01</subfield></datafield><datafield ind1=" " ind2=" " tag="830"><subfield code="a">Sources chrétiennes</subfield><subfield code="v">56</subfield><subfield code="w">(NEBIS)000987100EBI01</subfield></datafield><datafield ind1=" " ind2=" " tag="830"><subfield code="a">Sources chrétiennes</subfield><subfield code="v">56</subfield><subfield code="w">(RERO)0004377-41slsp</subfield></datafield><datafield ind1=" " ind2=" " tag="900"><subfield code="a">REROnoselfmerge</subfield></datafield><datafield ind1=" " ind2=" " tag="900"><subfield code="a">IDSZRMedeaZBZ</subfield></datafield><datafield ind1=" " ind2=" " tag="911"><subfield code="a">100</subfield><subfield code="a">Athanasius</subfield><subfield code="c">Saint, Patriarch of Alexandria</subfield><subfield code="d">d. 373</subfield></datafield><datafield ind1=" " ind2=" " tag="911"><subfield code="a">700</subfield><subfield code="a">Athanasius</subfield><subfield code="c">Saint, Patriarch of Alexandria</subfield><subfield code="d">d. 373</subfield></datafield></record>
</metadata></record>